3588 5464
715 227 1149 293 emumuaucuuuurus
1400 231 1581 306 (urs-u)

818 521 1051 590 Pueorusrms.

266 625 337 714 ,Τιι
361 624 491 694 dedisti:
515 625 568 693 hic
589 627 654 694 iam
676 624 833 694 datumst:
856 627 1071 712 istuc‘hiabc0,
1095 628 1155 696 hoe
1178 631 1301 713 expeti.

286 731 403 802 Verum
426 736 549 816 utrique
570 753 639 801 mos
662 731 791 816 geratur
813 733 977 800 amborum
999 733 1040 800 cx
1062 734 1229 802 sententia.

798 857 1077 925 srmrmmms.

216 972 270 1030 950
286 961 372 1029 Fiat:
396 963 431 1030 ut
452 982 518 1031 ram
541 967 672 1059 gnatam
693 962 796 1040 video,
818 961 879 1030 hoc
900 961 1123 1045 accipirindum
1145 970 1203 1048 est,
1226 964 1312 1048 quod
1333 965 1435 1034 detur.
1518 960 1585 1046 ,(70)
1630 1045 1633 1047 ,

850 1085 962 1152 smus
1012 1137 1020 1153 .

286 1190 393 1258 Meum
411 1189 543 1275 ‘quidem
565 1197 597 1260 tc
617 1191 734 1286 lectum
756 1191 842 1260 certe
863 1213 923 1276 ego
946 1105 1102 1278 oiiupsre
1124 1214 1188 1261 non
1211 1193 1323 1260 sinam.

821 1318 1055 1385 Percurremus.

193 1467 196 1472 ·
288 1418 410 1505 Lepide
432 1421 556 1489 ccustor
577 1417 737 1507 aucupivi
759 1429 856 1507 atque
878 1443 918 1489 ex
941 1423 1013 1489 mee
1034 1423 1205 1506 sententis,
1283 1407 1289 1418 ’

289 1525 456 1611 Meamque
478 1527 600 1595 utrem
623 1527 713 1596 decet
734 1529 815 1595 bene
836 1529 971 1612 gestam,
993 1535 1133 1596 vostram
1155 1530 1264 1598 rursus
1285 1528 1367 1596 bene
1387 1530 1506 1614 geram.

288 1634 466 1701 Remcabc:
492 1633 519 1701 si
542 1639 673 1718 uterque
695 1632 867 1700 animatust
889 1633 998 1700 facere
1019 1633 1090 1716 hcc,
1114 1632 1211 1701 facite
1233 1633 1279 1702 uti
1302 1623 1411 1702 seieim.
1690 1699 1692 1706 ,

219 1737 423 1812 subveneris
446 1739 562 1810 caussa
585 1739 784 1824 adplaudite:
809 1738 877 1810 cius
899 1739 981 1808 hacc
1001 1738 1035 1807 in
1056 1738 1157 1810 tutela
1179 1746 1228 1810 cst
1249 1739 1370 1810 sabuli.
1533 1727 1590 1803 (75)

362 2037 423 2097 948.
442 2035 524 2097 codd.
542 2052 623 2094 cmm.
643 2037 695 2095 hic.
714 2037 744 2090 P.
762 2037 875 2092 daturus
893 2051 968 2106 esp.
987 2037 1038 2094 esi.
1104 2036 1166 2095 950.
1184 2035 1214 2093 P.
1232 2021 1348 2107 ‘gratam
1383 2036 1418 2093 V.
1435 2035 1470 2095 D.
1490 2051 1545 2107 quo
1564 2053 1591 2106 p.

291 2124 374 2196 quod.
429 2125 490 2182 951.
510 2125 590 2184 codd.
608 2142 689 2182 cmm.
707 2141 769 2195 ege.
804 2122 914 2180 Deinde
932 2122 1012 2182 codd.
1031 2138 1126 2180 omnes
1143 2125 1238 2184 sinam.
1302 2125 1363 2182 952.
1383 2129 1491 2182 ecastor
1509 2141 1591 2180 aucu-

291 2213 357 2284 pavi
376 2219 459 2284 atque
476 2213 546 2271 Non.
565 2230 591 2283 p.
608 2213 670 2283 467,
690 2213 736 2267 11:
759 2211 839 2270 codd.
858 2217 995 2268 mecastor
1012 2212 1231 2284 aucupabatque.
1303 2213 1364 2272 953.
1382 2213 1418 2270 D.
1439 2212 1470 2270 P.
1492 2212 1591 2282 Aeque

291 2319 319 2372 p.
337 2303 488 2373 Meamque.
506 2302 541 2360 V.
559 2302 594 2360 D.
623 2301 724 2358 debera
751 2317 787 2357 nc
815 2306 931 2370 gestam,
961 2300 992 2358 P.
1018 2300 1090 2357 benc
1118 2307 1231 2372 gestam.
1269 2301 1385 2370 Scripsi:
1414 2300 1495 2358 decet
1520 2299 1592 2355 bene

291 2395 410 2462 gestam.
446 2392 480 2450 V.
499 2407 586 2460 rursu,
613 2391 648 2448 D.
667 2389 697 2448 P.
715 2404 830 2448 rursum.
885 2387 947 2448 954.
964 2389 999 2446 V.
1018 2389 1052 2448 D.
1071 2388 1197 2445 Romabc
1216 2389 1247 2447 P.
1265 2388 1382 2448 Amabo.
1420 2387 1523 2458 Scripsi
1551 2405 1592 2443 re-

292 2479 399 2538 meabo.
434 2479 541 2535 Deinde
552 2467 591 2537 P.
609 2477 689 2547 sicut,
706 2477 740 2535 V.
758 2477 793 2533 D.
812 2476 912 2547 siquid.
948 2475 1051 2548 Scripsi
1069 2477 1094 2532 si
1111 2482 1236 2544 uterque.
1258 2478 1385 2546 Denique
1403 2477 1483 2535 cedd.
1501 2476 1593 2532 facere

292 2565 391 2623 faciam
418 2572 449 2622 ut
477 2567 570 2625 sciam.
607 2565 709 2634 Scripsi
736 2564 827 2622 iacere
845 2563 897 2620 hcc
915 2564 998 2622 facite
1015 2563 1057 2620 uti
1076 2563 1169 2624 sciam.
1223 2563 1285 2622 955.
1303 2566 1337 2625 V.
1356 2564 1464 2623 Ueneri.
1484 2595 1517 2606 -
1535 2565 1592 2622 Ad·

293 2656 363 2712 dunt
380 2654 499 2725 denique
518 2653 597 2714 codd.
617 2668 712 2710 omues
729 2668 851 2708 versum:
872 2655 1041 2724 spectatores,
1059 2655 1120 2708 heae
1138 2655 1229 2708 valete.-
1242 2655 1359 2726 paradise
1377 2663 1454 2724 atque
1471 2656 1593 2726 emurque,

294 2743 342 2815 qui
360 2743 425 2800 mihi
444 2743 554 2815 quidem
572 2741 680 2813 spurius
699 2739 816 2799 videtur.

367 2929 505 3016 ceterum
518 2954 679 3026 corrigenda
703 2959 732 3011 et
751 2955 881 3011 addenda
903 2971 964 3011 esse
989 2955 1072 3012 video
1096 2955 1194 3012 haece:
1222 2973 1250 3026 p.
1273 2955 1325 3011 91.
1348 2953 1520 3025 paenultima
1538 2954 1594 3014 dci.

295 3047 388 3102 multis
407 3044 571 3114 hominibus,
601 3042 619 3101 l.
647 3043 742 3100 ultima
766 3043 837 3100 adde
854 3044 885 3101 P.
904 3044 1033 3101 omuibus
1055 3061 1082 3114 p.
1100 3043 1267 3099 hominibus.
1284 3059 1311 3112 p.
1332 3043 1366 3098 19
1385 3042 1521 3100 adnotati.
1540 3044 1558 3100 l.
1577 3045 1594 3098 6

296 3134 331 3192 ad
349 3135 411 3193 218.
430 3134 546 3193 amicust
558 3132 593 3193 A.
612 3131 703 3192 adde:
721 3133 807 3191 ceteri
826 3133 931 3191 amicus
949 3137 1000 3192 esu
1017 3149 1045 3205 p.
1058 3133 1094 3189 30
1112 3131 1216 3188 aduott.
1236 3133 1254 3190 i.
1274 3133 1290 3189 (i
1310 3147 1360 3190 ser.
1373 3145 1435 3188 mec
1454 3147 1485 3187 cs
1502 3136 1593 3202 pest.
