3588 5464
942 1 1464 22 'q—W'q--q—-W—-W
1469 10 1715 20 -vu—-v—*ss--v-vw—
1724 12 1726 14 -
1771 14 1772 18 ,

699 265 971 360 ruueueuurus

724 579 955 658 Pnuouusr'urr.
1080 585 1082 592 ’
1192 555 1196 566 ’

179 707 285 790 Cedo,
310 709 500 793 quamquem
523 729 635 794 parum
659 720 716 781 est.

254 845 256 850 ’
575 861 578 864 ’
697 843 977 948 Suerrorrrruus
1072 907 1075 916 .

758 1005 849 1071 Dabo
872 1009 992 1074 minem
1013 973 1118 1074 adhue
1140 985 1355 1102 islielpistea.

722 1157 954 1233 Pneoresrurr.

1218 1361 1222 1372 .
1290 1315 1406 1398 Parum
1430 1307 1486 1390 esi.

696 1461 974 1537 Sruurorrrruus.

180 1586 254 1658 'Puo
277 1583 548 1698 arbitritupquod
570 1585 702 1677 iubebis,
728 1595 867 1664 dabitur:
893 1597 937 1662 ds
958 1617 1041 1665 nune
1064 1597 1197 1664 sevirim.

719 1750 950 1820 Purouusruu.

102 1887 161 1943 900
183 1877 272 1944 Mitte
295 1897 355 1963 me,
378 1882 517 1964 inquam,
541 1878 679 1948 odiosus.

694 2035 972 2109 Seuerorusuus.

231 2229 234 2236 ,
464 2245 468 2260 .
730 2170 818 2237 Nihil
841 2171 890 2238 fit:
917 2192 981 2237 uon
1004 2160 1102 2237 anler.
1146 2172 1257 2241 teritur
1279 2171 1357 2242 dies.
1428 2168 1485 2242 (20)
1552 2157 1553 2162 ἵ

54 2293 57 2298 ·
181 2269 258 2338 Plus
281 2271 391 2338 decem
414 2273 520 2358 pondo
543 2274 611 2340 auri
634 2273 741 2342 amere
763 2276 823 2344 hee
845 2277 1056 2362 pauxillisper
1078 2277 1213 2360 perdidi.

715 2427 945 2505 Purouusruu.

89 2547 92 2553 ’
171 2557 299 2642 uleeipe
322 2557 381 2626 hee
404 2564 500 2644 atque
523 2559 648 2628 auferto
670 2565 761 2629 intro.

748 2717 914 2786 Sruserx.

801 2850 862 2917 Ubi
884 2871 956 2916 mea
978 2851 1082 2940 emisa
1105 2855 1154 2916 esi
1175 2850 1338 2934 gentium?

179 2952 289 3035 Neque
312 2955 387 3036 rurl,
411 2971 513 3036 neque
537 2951 588 3017 hie
612 2953 716 3035 operis
740 2957 908 3037 quiequam
931 2955 1032 3021 faeie:
1057 2954 1241 3042 cirrumpor
1263 2958 1333 3024 situl.

179 3059 227 3122 lta
249 3058 345 3124 miser
367 3057 512 3125 eulrando
535 3058 577 3144 iu=
591 3057 674 3123 lietu
696 3057 748 3123 hle
770 3061 986 3143 exspectindo
1008 3061 1152 3129 obdurui.

103 3172 160 3227 905
180 3162 244 3230 Sed
267 3183 374 3230 eeeam
397 3163 499 3231 video.
545 3163 643 3247 Heus,
666 3161 763 3230 heus!
787 3167 908 3250 amlea,
926 3169 1002 3251 quid
1025 3169 1118 3254 agis?

690 3318 969 3391 suerromuus.

988 3451 1084 3536 Mela,
1108 3453 1178 3536 quis
1200 3451 1271 3520 heiu
1293 3452 1386 3521 hemo
1409 3453 1480 3521 est?

713 3604 944 3672 Pseouusruu.

81 3731 84 3744 '
176 3733 278 3814 Quem
299 3753 360 3817 ego
383 3735 508 3803 eesstor
529 3736 633 3820 magis
656 3737 739 3821 ame,
763 3756 858 3820 quam
882 3742 954 3804 lete.

685 3889 962 3963 Suerrorusrrrs.

980 4022 1084 4101 Quem
1106 4023 1179 4091 me?
1200 4025 1381 4108 quomode?
1419 4020 1476 4090 (26)

245 4321 306 4381 898.
325 4319 360 4380 V.
379 4321 413 4380 D.
431 4320 468 4377 ad
494 4333 592 4378 omnus
618 4319 780 4376 munueistie
798 4319 885 4391 pusio,
913 4317 968 4374 nisi
998 4319 1073 4390 quod
1101 4321 1135 4380 D.
1156 4336 1244 4382 omne.
1261 4323 1293 4382 P.
1329 4321 1375 4377 Ad
1393 4336 1473 4379 omne

174 4427 272 4466 munus
290 4411 353 4467 istie
371 4413 462 4481 poste.
498 4411 532 4469 V.
551 4411 585 4469 D.
604 4413 666 4467 Pir.
684 4409 792 4466 Parust.
829 4409 890 4463 899.
909 4407 1020 4464 dabitur
1032 4408 1173 4466 Gillerus:
1191 4410 1227 4470 V.
1245 4409 1381 4481 sedabitur,
1394 4411 1428 4470 D.
1442 4412 1472 4471 P.

175 4499 330 4558 uidebitur.
378 4499 439 4557 901.
458 4498 492 4556 V.
511 4498 545 4556 D.
563 4499 655 4567 pondo
673 4499 755 4552 moris
773 4497 939 4567 pausilliper,
965 4495 997 4556 P.
1015 4498 1108 4567 pondo
1135 4500 1218 4555 moris
1244 4497 1366 4572 pauxilli.
1402 4499 1472 4557 Non.

174 4589 235 4658 155,
254 4590 289 4643 33
307 4589 400 4656 pendo
419 4587 519 4644 umoris
537 4587 721 4657 pauxillisper.
760 4585 861 4654 Scripsi
882 4585 974 4656 pondo
994 4587 1053 4641 auri
1072 4601 1163 4643 umore
1180 4587 1240 4647 hoe.
1296 4588 1356 4645 902.
1375 4587 1406 4645 P.
1426 4605 1472 4643 au-

173 4677 240 4733 fere.
276 4677 311 4735 V.
329 4675 363 4734 D.
390 4693 435 4732 me
452 4693 479 4747 p.
497 4691 558 4730 mea
577 4707 610 4718 -
629 4676 757 4744 centium,
787 4675 817 4731 P.
836 4680 948 4732 eertum.
1003 4675 1064 4734 905.
1083 4676 1118 4736 V.
1137 4674 1172 4736 D.
1190 4677 1259 4733 heus
1289 4674 1412 4746 amicam,
1442 4676 1472 4734 P.

171 4765 241 4820 heus
259 4765 353 4820 amisa.
391 4764 534 4821 Geminavi
560 4760 637 4821 heus.
675 4762 780 4817 Deinde
799 4761 833 4819 V.
852 4762 886 4820 D.
918 4763 992 4818 mille
1019 4763 1082 4833 quis
1100 4765 1156 4820 illie
1173 4765 1254 4822 home
1270 4768 1323 4823 est.
1368 4763 1400 4822 P.
1419 4779 1472 4821 om.

172 4853 252 4912 mille.
288 4853 403 4923 Scripsi:
431 4855 503 4910 mela
529 4852 590 4923 quis
617 4851 678 4906 heic
705 4850 786 4906 homo
809 4854 860 4903 est.
914 4850 975 4909 906.
993 4850 1025 4910 P.
1044 4869 1131 4926 mage,
1158 4854 1194 4915 V.
1212 4854 1247 4914 D.
1266 4869 1328 4926 ege.
1365 4849 1470 4912 Deinde

172 4941 253 4999 eodd.
273 4957 369 4998 omues
387 4946 416 4998 te
434 4958 460 5013 p.
478 4946 542 4999 tete.
641 4940 645 4948 '

1255 5041 1273 5096 5
