3588 5464
196 269 378 343 (ves-es
710 271 986 335 TRUOULENTUS:

729 459 961 525 Pnnorrnsrnrr.

196 563 248 630 Nil
270 562 393 631 inhitre
415 564 537 646 satiust,
562 564 662 646 miles,
685 565 714 631 si
735 568 767 630 te
789 564 890 630 amdri
911 565 1064 648 postulds.

197 669 293 751 Auro,
316 667 404 735 haud
426 667 510 735 ferro
533 668 682 736 deterreri
704 669 764 736 hie‘
777 670 861 752 petis
883 675 941 751 est,
964 671 1006 737 nt
1027 676 1121 754 amet,
1146 668 1385 754 Stratophanes,
1475 665 1496 750 ¹⁴.

708 786 986 858 Sennrorfflrsss.
1083 851 1084 858 ,
1274 866 1276 872 ,

198 896 271 980 Qui,
294 899 422 982 malim,
445 898 529 966 bella
551 905 607 994 ent
629 897 736 966 faetta
758 919 805 982 es,
828 919 910 983 quae
931 920 1021 969 emes
1044 900 1202 968 heminem
1224 900 1387 968 istimodi‘?

730 1024 963 1092 Pnnonnsinn.

12 1209 13 1214 ἵ
198 1128 332 1194 Venitne
354 1129 387 1196 in
410 1087 635 1210 mentem'titi,
658 1128 743 1211 quod
758 1129 895 1220 vverbum
917 1131 950 1198 in
972 1151 1073 1199 eavea
1095 1129 1176 1196 dixit
1197 1130 1330 1196 histrid‘?
1409 1135 1412 1140 “

12 1229 13 1288 i
126 1247 182 1300 920
199 1231 317 1301 Omnes
339 1233 483 1300 hemines
506 1233 549 1301 ad
571 1254 660 1300 suom
683 1235 849 1317 quaestum
872 1238 990 1304 salient
1011 1257 1071 1304 nee
1091 1235 1265 1304 fastidirint.
1443 1228 1499 1298 (40)

707 1351 986 1420 Snnnnornsnns.

198 1462 344 1530 Huneine
366 1461 524 1530 hdminem
546 1467 578 1529 te
600 1465 787 1548 ampiexdri
811 1471 876 1530 tam
899 1465 1062 1534 horridum
1084 1465 1117 1532 et
1137 1471 1203 1554 tem
1227 1462 1430 1549 squaliddm‘?

732 1590 966 1658 Pnnosnsrnn.
1488 1635 1491 1640 -

201 1691 400 1776 Quamquam
411 1693 463 1759 hie
475 1693 649 1776 squtlidus,
672 1714 864 1777 quemquam
876 1695 927 1760 tie
939 1695 1085 1764 hdrnidus
1101 1701 1159 1780 est,
1182 1696 1283 1763 visdst
1299 1696 1399 1764 bellus
1413 1694 1499 1762 mihi.

710 1813 989 1883 Snns'ronnssns.

200 1922 304 1990 Dedin
328 1943 388 2006 ego
411 1925 547 1992 airum?

647 2099 650 2108 .
735 2049 968 2115 Pnnosnsmn.

599 2154 700 2222 Mihi?
723 2153 839 2222 dedisti
861 2153 927 2221 filie
950 2154 1080 2221 diberit.

771 2272 938 2343 snrinnx.

201 2384 293 2451 Nune
314 2383 397 2451 hane
421 2389 448 2452 si
470 2391 574 2466 teepm
597 2404 669 2452 esse
691 2385 814 2468 speras,
838 2384 903 2450 niis
926 2386 1020 2467 epist
1043 2385 1111 2451 auri
1134 2383 1230 2450 mind.

714 2501 993 2572 Srnnnonnnsns.

126 2628 183 2685 925
201 2614 319 2680 Melam
342 2635 408 2682 rem
430 2616 480 2684 his
503 2615 535 2682 et
556 2636 716 2700 magnam.

769 2734 936 2801 Snnsenx.

772 2847 890 2930 Magno
913 2844 1009 2928 dpere
1031 2865 1125 2913 serve
1147 2846 1204 2912 tibi
1226 2845 1385 2915 viatieiim.
1446 2835 1503 2909 (45)

200 2950 285 3031 Quid
306 2953 370 3021 istd
392 2951 509 3022 dehet?

713 3069 992 3136 Snnsnoressns.
1077 3038 1079 3042 .

551 3183 638 3251 Tria.

770 3281 939 3352 Sennnnx.

703 3395 793 3475 Quae
814 3398 877 3462 tria
899 3396 996 3462 nam?

653 3493 665 3518 ⁹
712 3519 992 3587 Sennrornsnns.

1005 3625 1185 3709 Unguenta,
1208 3624 1343 3705 ndetem,
1366 3619 1500 3691 savidrn.

272 3852 332 3910 916.
357 3851 392 3908 V.
421 3850 488 3906 nihii
515 3849 702 3922 ipphiart,:'1).
730 3848 808 3905 nihili
835 3847 932 3918 phleri‚
958 3849 989 3908 P.
1017 3849 1094 3905 nihiii
1119 3847 1216 3919 phieri.
1262 3846 1367 3918 Scripsi
1390 3846 1503 3907 inhiare.

202 3940 263 3998 917.
281 3940 362 3998 eodd.
382 3939 476 3995 aufere
494 3955 521 4009 p.
539 3938 614 3992 haud
632 3937 712 3996 ferre.
730 3937 765 3995 V.
783 3937 818 3995 D.
837 3937 973 3994 deterrere
990 3943 1091 4014 potest,
1110 3939 1140 3997 P.
1159 3938 1296 3992 deterrere
1314 3940 1402 4005 potes.
1421 3937 1454 3994 V.
1468 3936 1503 3996 D.

203 4032 392 4099 stratopenes‚
419 4027 493 4096 quod
519 4025 550 4085 P.
569 4043 620 4085 ern.
676 4026 737 4084 918.
756 4024 847 4080 facete
864 4025 945 4082 Pius:
972 4028 1007 4084 V.
1027 4043 1061 4082 ea
1084 4027 1156 4082 eiete
1179 4030 1222 4080 est
1240 4041 1266 4093 p.
1289 4022 1379 4081 iseeta
1401 4041 1446 4095 es,
1468 4027 1502 4086 D.

202 4118 312 4186 eetiets,
340 4115 371 4172 P.
390 4117 487 4173 caieta.
525 4115 559 4171 V.
577 4115 612 4173 D.
629 4113 734 4170 homini
751 4113 880 4182 istimodi,
908 4116 939 4171 P.
957 4113 1094 4170 hominem
1110 4113 1274 4170 istiusmodi.
1328 4114 1390 4173 919.
1408 4115 1440 4173 Ρ.
1458 4131 1503 4170 ve-

202 4207 308 4273 nietne,
330 4206 365 4262 V.
383 4204 418 4261 D.
443 4203 507 4261 dixi.
563 4203 623 4259 920.
648 4219 701 4258 nee
722 4202 851 4256 Bothius:
881 4203 959 4260 eodd.
979 4208 1015 4260 et.
1070 4203 1131 4259 921.
1150 4203 1184 4260 V.
1201 4201 1236 4259 D.
1256 4201 1436 4273 amplexeres,
1471 4203 1504 4261 P.

203 4293 391 4362 amplexerier.
428 4291 461 4346 V.
489 4289 696 4361 herriaetasque
723 4290 832 4344 elidum.
871 4292 931 4349 922.
950 4291 985 4347 V.
1013 4291 1087 4360 quali
1115 4294 1158 4345 est
1185 4305 1211 4358 p.
1240 4289 1391 4362 squalidus,
1418 4293 1452 4350 D.
1470 4291 1502 4350 P.
1566 4299 1570 4313 ¹

203 4381 293 4449 qualis
312 4385 362 4439 est.
399 4379 507 4435 Deinde
535 4377 614 4435 eedd.
633 4393 740 4434 omnes:
770 4395 852 4450 quern
871 4379 916 4434 hie
934 4378 1073 4448 horridus,
1101 4394 1152 4432 om.
1177 4381 1226 4432 est.
1263 4378 1390 4448 Denique
1414 4379 1449 4439 V.
1467 4381 1502 4440 D.

201 4468 273 4522 eitns
300 4466 403 4522 bellurn
429 4467 466 4524 hi.
502 4468 532 4526 P.
557 4469 637 4522 eitius
660 4467 771 4525 bellurn.
807 4467 919 4536 Lipsius
946 4468 1047 4525 eVat.
1071 4465 1176 4534 squaiis
1199 4469 1242 4519 est
1265 4480 1429 4536 quemquern
1457 4468 1502 4524 hie

202 4554 336 4624 horridus,
366 4555 459 4624 scitus,
486 4555 576 4610 helius
600 4561 642 4609 est
664 4555 738 4613 mihi.
791 4555 852 4614 923.
871 4556 905 4613 D.
924 4557 954 4613 P.
973 4555 1053 4612 Dedi.
1092 4552 1173 4612 eodd.
1202 4569 1297 4608 ornnes
1326 4555 1456 4610 dedixisti
1474 4573 1501 4626 p.
1569 4587 1573 4600 ·

203 4643 313 4700 dedisti.
349 4645 384 4700 V.
410 4644 445 4703 D.
473 4643 613 4699 eibsriern.
668 4643 729 4702 924.
758 4645 837 4702 eodd.
865 4645 888 4699 si
906 4644 977 4699 hane
1003 4660 1030 4714 p.
1058 4643 1129 4698 hene
1158 4641 1190 4700 si.
1244 4643 1305 4700 925.
1324 4643 1404 4700 eodd.
1431 4643 1503 4699 iset
1569 4675 1572 4686 ·

203 4749 312 4804 magne.
348 4732 382 4790 V.
401 4731 452 4787 tibi
470 4732 580 4800 atieurn,
598 4731 632 4791 D.
651 4732 726 4788 tibus
746 4733 867 4802 atticum,
886 4733 916 4787 P.
935 4731 1097 4790 tibettieum.
1170 4731 1230 4788 926.
1249 4732 1283 4789 V.
1301 4731 1346 4785 isti
1366 4731 1448 4802 debe,
1466 4733 1501 4792 D.

203 4821 233 4879 P.
251 4821 299 4875 isti
318 4819 410 4875 debet.
427 4821 535 4878 Deinde
556 4821 589 4880 V.
608 4821 643 4876 isi
662 4821 715 4876 trie
733 4822 802 4893 (soil.
821 4825 859 4879 St.
878 4820 949 4891 trie).
969 4821 1002 4878 D.
1021 4820 1051 4878 P.
1070 4819 1124 4874 nisi
1142 4821 1203 4878 trie.
1220 4818 1347 4888 Denique
1360 4819 1394 4876 V.
1413 4824 1502 4890 noete,

203 4909 238 4972 D.
256 4909 287 4970 P.
306 4909 410 4968 nostes.

1267 4999 1302 5056 5*
