3588 5464
100 289 106 296 '
185 281 232 353 (11,
249 285 276 354 4,
294 283 414 353 44—62)
702 279 979 340 TRUGULEN'I'US.

720 573 954 638 Pnnonnsrmr.

387 701 429 766 Ut
451 708 535 768 esset
557 703 672 784 dliquis
694 703 828 783 laqueus
851 701 884 766 et
905 700 1131 783 redimiculum,

385 807 611 872 Revorsionem
634 813 668 873 ut
690 807 732 873 ad
755 827 806 871 me
828 806 948 872 feneret
970 806 1083 872 denuo.

386 912 477 977 Nune
499 911 561 978 hue
584 914 703 979 remisit
725 931 826 995 nuper
848 910 891 976 dd
914 932 964 978 me
987 912 1165 995 epistuldm

387 1015 464 1081 Sese
487 1020 699 1102 expertdrum,
723 1018 832 1100 quanti
855 1016 926 1082 sese
949 1016 1131 1100 penderem.

386 1121 430 1202 Si,
454 1122 539 1204 quod
561 1127 766 1206 peperissem,
790 1122 824 1187 id
846 1122 1015 1188 eduedrem
1039 1144 1076 1189 ae
1100 1123 1252 1204 tollerem,

384 1228 475 1293 Bona
497 1249 556 1296 sue
578 1251 629 1296 me
651 1230 832 1296 habitiram
854 1249 925 1296 esse
948 1229 1063 1296 omnin.

722 1390 949 1482 Dmmncnus

1039 1493 1191 1561 Adsenlto
1215 1491 1338 1560 lubens.

386 1596 470 1675 Quid
493 1599 629 1682 denique
651 1599 769 1682 fugitis?

635 1801 638 1808 ¹
722 1723 956 1789 Pnnounsrun.

807 1829 909 1894 Mater
923 1828 1065 1902 ‚dneillas
1087 1827 1183 1909 iubet,

387 1931 543 2008 Quoniam
565 1931 631 1997 inm
653 1933 794 2000 dedimus
817 1933 935 1999 mensis
958 1933 1110 1999 ddventat
1132 1932 1242 2017 prope,

383 2037 489 2102 Aliam
512 2039 664 2104 aliorsum
685 2041 742 2121 ire,
765 2038 997 2124 praemanddre
1024 2044 1055 2104 et
1077 2039 1229 2121 quaerere

385 2143 521 2208 Puerum
544 2151 599 2210 aut
620 2143 771 2228 puellam,
796 2145 849 2227 qui
873 2143 1092 2228 supponantur
1114 2144 1200 2210 mihi.
1294 2211 1296 2214 .

386 2247 471 2325 Quid
493 2250 592 2316 multa
614 2250 873 2316 verbosantium?
899 2250 1081 2316 tonstricem
1103 2248 1217 2315 Surium

386 2355 519 2437 Novisti‚
543 2356 669 2422 nostros
692 2355 789 2422 aedes
812 2355 890 2438 erga
912 2375 995 2436 quae
1017 2355 1161 2420 habitat?

722 2482 946 2546 Dmmucnus.

385 2585 476 2650 Novi.

723 2711 956 2776 Pnnouusmm.

517 2816 606 2882 Haeo
629 2815 685 2881 ddi
707 2816 1011 2901 operem‚aeeireumit
1033 2835 1090 2898 per
1112 2813 1262 2897 familiis,

386 2921 521 2986 Puerum
543 2924 681 3004 vestigat
703 2923 892 3003 einnoulum,
916 2921 959 2986 td
981 2943 1031 2987 me
1054 2920 1174 2988 detulit.

385 3026 504 3091 Datum
526 3026 587 3092 sibi
610 3027 682 3093 esse
705 3007 817 3093 uinus

723 3189 948 3252 Drumnouus.

704 3331 708 3338 ·
829 3290 856 3356 Ο
879 3275 993 3358 merois
1015 3291 1131 3356 malae.

385 3397 465 3462 Eum
487 3417 570 3464 nune
592 3419 656 3462 non
678 3398 734 3474 flia
756 3398 889 3481 peperit,
914 3399 996 3480 qnae
1019 3398 1142 3481 peperit
1165 3397 1261 3480 prior,

386 3500 450 3566 Sed
472 3507 506 3568 tu
528 3501 692 3586 posterior.

716 3663 949 3728 Pnnonusuuu.

735 3767 853 3834 Ordine
876 3770 998 3834 omnem
1024 3787 1090 3834 rem
1113 3769 1211 3834 tends.

381 3873 472 3938 Nune
495 3879 529 3938 ut
551 3873 714 3956 praemisit
736 3873 885 3940 nunoirim
907 3875 997 3941 miles
1020 3874 1106 3955 1111111,

384 3978 455 4042 Non
477 3979 576 4043 multo
599 3979 671 4062 pdst
693 3979 744 4043 hie
768 3976 879 4044 aderit.

255 4273 315 4330 394.
334 4271 369 4330 V.
387 4274 516 4342 iaqueust
533 4276 567 4334 D.
587 4276 775 4344 iuquaeusque
793 4279 836 4329 est
853 4275 883 4332 P.
903 4279 988 4344 utque
1006 4289 1095 4344 usque
1117 4281 1168 4334 est.
1204 4277 1265 4333 397.
1283 4274 1317 4333 V.
1336 4275 1370 4333 D.
1389 4273 1484 4344 porde-

183 4377 247 4420 rem.
301 4363 363 4421 398.
382 4361 416 4420 D.
435 4363 512 4430 quid.
530 4363 564 4420 V.
582 4365 616 4421 D.
636 4377 750 4419 eoerem.
768 4364 799 4420 P.
818 4378 871 4421 orn.
883 4365 920 4418 'id
938 4363 1090 4421 educerem.
1110 4364 1144 4422 D.
1163 4366 1194 4422 P.
1212 4364 1375 4421 attollerem.
1423 4362 1484 4418 399.

183 4449 216 4508 V.
227 4451 261 4508 D.
281 4465 384 4506 summe
403 4467 430 4519 p.
450 4467 500 4505 sun
518 4465 568 4508 me.
588 4450 669 4507 eodd.
688 4464 781 4504 omnes
799 4450 956 4506 habiturum
969 4452 1061 4506 omniu
1073 4467 1144 4510 esse.
1180 4453 1242 4510 401.
1262 4453 1295 4510 V.
1313 4468 1369 4507 non
1381 4467 1409 4521 p.
1422 4452 1484 4508 ium.

182 4539 245 4596 402.
262 4539 297 4595 V.
316 4537 349 4594 D.
378 4538 442 4593 Alia
469 4539 556 4592 mnior
575 4553 643 4596 sum.
697 4537 759 4595 403.
778 4537 813 4596 V.
832 4539 879 4607 qui
908 4545 1123 4609 soupponantur.
1151 4540 1185 4598 D.
1214 4541 1276 4610 quis
1303 4543 1484 4610 opponentur.

182 4628 243 4685 404.
263 4627 297 4684 V.
315 4627 350 4683 D.
369 4626 429 4691 Qui.
466 4625 527 4683 405.
546 4623 580 4682 V.
599 4623 633 4682 D.
651 4625 682 4682 P.
701 4627 791 4680 nouisi
810 4631 932 4682 nostrum
951 4641 1032 4695 quem
1051 4641 1117 4696 ergo
1130 4629 1226 4684 aedem
1246 4645 1308 4684 sese
1320 4626 1413 4696 habet,
1432 4626 1485 4681 nisi

184 4715 258 4785 quod
275 4715 306 4772 P.
326 4715 428 4769 novisti
441 4745 473 4754 -
488 4729 559 4783 qnae
578 4727 646 4782 erge
664 4712 767 4771 eadem.
802 4717 864 4772 406.
883 4715 962 4772 codd.
981 4729 1075 4770 omnes
1094 4721 1125 4771 ut
1143 4734 1169 4786 p.
1188 4718 1243 4783 dat.
1280 4718 1341 4773 407.
1360 4717 1394 4772 D.
1412 4714 1485 4770 elan·

183 4805 257 4862 ouiit.
305 4801 367 4859 408.
386 4803 420 4859 D.
438 4803 469 4860 P.
488 4818 568 4860 omm.
587 4817 612 4860 o.
660 4802 722 4861 409.
742 4803 822 4860 eodd.
840 4802 931 4871 patior
948 4818 974 4871 p.
992 4804 1075 4871 prior.
1120 4806 1182 4863 412.
1201 4806 1280 4862 eodd
1298 4803 1375 4862 haee.
1394 4819 1420 4872 p.
1440 4803 1483 4858 hie

184 4922 217 4933 -
236 4906 308 4946 nuno
325 4905 353 4960 p.
371 4888 443 4948 hino.
