3588 5464
190 294 480 379 uv,·4,au-v,4)
699 307 972 403 ueuuunnmua
1443 325 1486 398 53

189 486 273 565 Quia
295 510 367 556 uum
389 492 520 559 miltum
543 494 740 579 abstulimus,
762 496 850 565 haud
873 504 1008 583 apparet
1028 499 1169 596 miiitum,
1193 501 1278 587 qued
1299 505 1410 572 datum
1425 507 1485 574 det.

189 595 239 658 Ita
262 601 335 662 eunt
357 595 478 678 gldriae
501 604 706 668 meretricum.

732 762 942 832 Asuuenmu.

736 868 798 953 uh,
821 877 903 955 tane,
926 874 996 940 era!

721 1029 954 1100 Pnnoumemu.

1031 1137 1190 1218 Quidnam
1212 1143 1284 1210 est‘?
1305 1140 1445 1212 ubeeerd.

730 1294 940 1365 Aeumffluu.

187 1390 283 1458 Pater
306 1390 398 1458 adest
419 1393 519 1476 pueri.

720 1523 952 1597 Pnneunemu.

588 1626 663 1695 Sine
685 1631 815 1715 eumpse
837 1634 926 1702 adire
947 1636 1023 1702 hue:
1047 1636 1126 1719 sine,
1150 1636 1177 1706 ei
1199 1639 1227 1708 is
1250 1642 1308 1722 eut,
1330 1635 1434 1706 medd.

189 1728 288 1799 Sinite
311 1749 383 1795 eum
404 1731 509 1814 ipsum
532 1732 631 1817 adire,
654 1740 689 1800 ut
710 1738 823 1821 eoepit,
846 1740 889 1805 ad
911 1762 962 1807 me
983 1743 1045 1810 hae
1067 1743 1186 1811 rectam
1207 1743 1235 1810 ai
1256 1744 1350 1812 tenet.

110 1845 171 1899 880
189 1836 237 1902 Ne
257 1837 353 1903 istum
376 1836 499 1925 eadmer
519 1837 614 1904 hodie
636 1841 748 1910 astutis
771 1843 934 1912 eonfieiam
957 1846 1105 1915 saliaeiis.

320 2095 601 2172 Suunuuennuue.
645 2100 855 2176 Aeummun.
900 2107 1131 2178 Pnuounemn.
1175 2105 1344 2177 Sumam.

697 2290 974 2369 smanopmme.

188 2417 309 2484 Hucine
330 2417 440 2484 amare
460 2419 524 2484 est!
570 2420 653 2486 Fere
676 2423 866 2506 supplicium
890 2425 1025 2494 damnas
1047 2425 1090 2492 td
1112 2426 1249 2492 amicam
1271 2425 1384 2492 meam.

187 2521 263 2589 Utut
283 2523 359 2589 illuiu
382 2530 546 2608 aeeeptum
568 2533 626 2610 est,
648 2531 738 2610 prium
761 2530 847 2611 quud
868 2532 1002 2616 perdidi,
1025 2533 1086 2598 hde
1108 2531 1226 2598 addam
1253 2531 1391 2615 insuper.

188 2627 252 2695 Sed
270 2629 346 2711 quid
357 2629 450 2697 video
463 2651 550 2700 eram
566 2637 661 2716 utque
677 2635 827 2702 ancillam
844 2643 918 2704 ante
933 2639 1046 2706 aedis?
1068 2637 1218 2706 adeunda
1239 2637 1319 2704 haee
1334 2637 1410 2703 mihi
1425 2635 1483 2705 eat.

187 2733 271 2814 Quid
292 2734 344 2804 hie
365 2757 423 2804 voe
445 2738 563 2820 agitis?

720 2857 951 2926 Pmounemu.

607 2967 656 3035 Ne
681 2989 732 3036 me
754 2972 893 3072 appella.

697 3123 975 3196 summumne.

717 3252 719 3256 ’
934 3238 1070 3306 Nimium
1092 3235 1208 3308 saevis.

720 3349 949 3427 Pnuouusmu.
974 3399 976 3408 ι

1248 3449 1302 3520 Sie
1323 3452 1396 3540 egd.
1506 3419 1511 3432 ι

261 3745 553 3818 autumantium:
575 3743 656 3806 uudd.
675 3727 761 3816 Quae.
780 3745 814 3807 V.
832 3745 867 3807 D.
885 3751 998 3808 mutum.
1034 3747 1142 3806 Deinde
1160 3748 1192 3811 P.
1210 3750 1293 3824 haud,
1320 3750 1354 3810 D.
1375 3755 1431 3820 aut,
1449 3751 1484 3810 V.
1568 3804 1571 3811 .

190 3854 234 3897 au.
270 3839 396 3909 Denique
415 3842 531 3909 apparet
548 3837 662 3892 multum
679 3837 808 3894 Buthius:
828 3837 908 3896 eudd.
926 3853 1021 3900 umnee
1039 3839 1288 3909 multumapperet.
1334 3841 1483 3900 uuueodd.

190 3927 243 3984 aha
260 3931 321 3984 taee
340 3928 468 3998 quidest
486 3926 610 3984 ebsecro.
665 3927 726 3983 878.
745 3926 825 3984 uudd.
844 3941 924 3985 umm.
942 3933 1029 3998 pater,
1047 3927 1121 3996 qued
1138 3927 1246 3984 addidit
1263 3927 1387 3986 Buthiua.
1408 3927 1484 3984 Idem

190 4032 315 4086 eumpse:
344 4015 424 4075 codd.
453 4031 515 4072 eum
542 4016 640 4084 ipsum,
668 4015 721 4071 nisi
749 4014 825 4086 qued
841 4015 876 4074 V.
894 4015 929 4072 D.
948 4015 1015 4084 ipse.
1052 4015 1159 4070 Deinde
1181 4015 1215 4074 V.
1232 4016 1267 4074 D.
1285 4015 1358 4073 hune
1376 4033 1404 4084 p.
1421 4015 1483 4074 hue.

188 4105 219 4164 P.
238 4106 281 4160 uui
300 4121 328 4176 p.
347 4106 371 4160 ei
388 4106 422 4164 ie.
476 4104 535 4162 879.
555 4103 637 4160 eedd.
656 4102 722 4160 Sine
740 4120 767 4174 p.
786 4103 885 4173 Sinite,
903 4103 955 4158 uiei
974 4104 1047 4172 qued
1066 4104 1099 4162 V.
1118 4105 1152 4162 D.
1171 4106 1222 4163 eiu.
1269 4105 1378 4161 Deinde
1396 4105 1429 4162 V.
1448 4104 1483 4164 D.

188 4193 249 4265 ipse
269 4225 302 4234 -
320 4194 403 4264 eupit,
430 4193 461 4252 P.
480 4191 568 4262 eupie.
604 4191 730 4261 Denique
749 4192 784 4248 V.
802 4192 836 4249 D.
865 4191 900 4246 ad
917 4198 994 4248 reete
1012 4192 1035 4246 ai
1054 4197 1156 4261 teuent,
1183 4193 1214 4252 P.
1233 4193 1270 4249 ad
1295 4208 1339 4248 me
1357 4210 1390 4250 au
1408 4197 1484 4250 reeta

189 4283 214 4338 ui
231 4267 338 4340 teuent
371 4281 432 4339 880.
450 4281 550 4337 aetatis
568 4280 737 4340 Saraueuue:
755 4279 835 4337 codd.
853 4279 941 4336 hastis
960 4278 1122 4338 eunieetum.

260 4427 290 4485 P.
309 4427 395 4484 Miles,
432 4417 600 4494 Aeeapiiium
619 4423 726 4482 aneilla.
762 4422 942 4480 Phronesium
960 4423 1094 4482 meretrix.
1131 4423 1262 4479 Rusticus
1282 4424 1401 4481 Strabax
1419 4421 1483 4480 ade

189 4513 306 4573 leueeus.
359 4515 421 4573 881.
440 4512 519 4571 cedd.
545 4513 587 4567 Ee
615 4511 680 4567 mihi
698 4527 797 4584 amare,
825 4527 877 4572 om.
904 4517 955 4570 est.
991 4512 1100 4576 Deinde
1128 4513 1243 4569 damnas
1261 4511 1370 4568 Duuua:
1401 4512 1483 4572 eudd.

190 4619 285 4658 omnes
304 4602 408 4657 damnis
427 4599 497 4673 (eod.
516 4599 591 4668 Lip'e.
610 4599 781 4656 Reverianua
800 4603 934 4673 iambis).
997 4603 1058 4660 882.
1077 4601 1145 4658 Utut
1164 4601 1309 4657 Gmterus:
1338 4601 1418 4658 codd.
1437 4601 1483 4660 Ut.

190 4691 297 4748 Deinde
319 4691 384 4746 illue
402 4696 543 4758 acceptum
560 4691 603 4742 eet
620 4687 747 4745 Bethiue:
767 4689 846 4748 eodd.
866 4691 934 4746 illud
952 4696 1094 4761 acceptum
1113 4693 1157 4749 eit.
1222 4689 1282 4748 883.
1295 4690 1330 4747 V.
1350 4690 1385 4748 D.
1397 4689 1483 4751 uidet,
1550 4689 1552 4694 '

190 4779 220 4838 P.
238 4777 348 4838 uideeu.
384 4778 490 4836 Deinde
515 4776 586 4833 haee
612 4777 678 4833 mihi
702 4783 746 4833 eut
763 4777 891 4835 Bothiua:
919 4779 998 4836 uudd.
1026 4784 1069 4834 est
1095 4779 1164 4835 haee
1189 4779 1262 4837 mihi.
1317 4777 1378 4837 884.
1397 4777 1431 4837 V.
1449 4777 1484 4838 D.

190 4867 310 4938 appellat
328 4869 412 4923 nimiu
429 4868 487 4924 seui
506 4867 554 4936 eiu,
573 4865 604 4926 P.
623 4867 733 4936 appella
750 4868 861 4924 nimium
881 4867 979 4926 saeuis.
1017 4865 1120 4923 Addidi
1138 4882 1202 4939 ago.
