3588 5464
688 1470 1048 1567 Pnonoans.
1124 1451 1132 1474 ‘
1225 1433 1228 1448 '

416 1661 622 1784 Perparvam
646 1700 769 1782 partem
791 1702 933 1784 postulat
953 1702 1086 1766 Plautus
1112 1698 1174 1762 lool

415 1809 463 1873 De
486 1806 601 1873 vestris
624 1805 750 1888 magnis
771 1813 869 1891 atque
892 1807 1035 1872 amoenis
1056 1803 1231 1882 moenibus,

416 1912 558 1978 Athenas
579 1912 642 1994 qud
665 1911 734 1978 sine
756 1912 936 1979 arohitdetis
960 1911 1112 1980 oonfertt.

417 2017 501 2094 Quid
523 2017 630 2082 nuno?
653 2015 778 2082 damin
801 2020 887 2100 estis,
912 2018 954 2083 im
975 2003 1061 2082 non‘i
1084 2014 1234 2082 adnudnt.

416 2122 520 2187 Minor
542 2119 688 2203 equidem
711 2123 801 2189 vobis
824 2143 875 2189 me
898 2123 1077 2190 ablaturum
1101 2121 1170 2187 sine
1193 2120 1291 2184 mord.

420 2226 506 2304 Quid
527 2233 555 2293 si
578 2226 618 2292 de
640 2228 748 2294 vdstro
772 2228 936 2313 quippiam
960 2227 1068 2294 orem?
1091 2246 1131 2291 en
1154 2226 1306 2292 abnudnt.

416 2333 510 2398 Enim
531 2331 637 2398 herole
659 2333 692 2398 in
713 2333 823 2399 vdbeis
846 2333 985 2400 resident
1006 2333 1111 2398 mores
1133 2331 1266 2414 pristini,

417 2437 469 2503 Ad
491 2436 716 2520 denegandum
738 2445 773 2506 ut
795 2439 891 2504 aeleri
913 2439 1023 2520 lingua
1044 2438 1185 2503 utamini.

418 2541 482 2608 Sed
504 2543 565 2608 hoo
587 2543 732 2627 agamus,
756 2543 818 2610 huo
842 2563 906 2626 qua
928 2543 1058 2610 ventum
1081 2549 1130 2610 est
1152 2543 1266 2626 gratia.

419 2647 552 2713 Athenis
575 2647 689 2732 agitur,
712 2651 758 2715 ita
780 2656 815 2716 ut
836 2649 897 2715 hoo
919 2650 968 2716 est
990 2647 1199 2734 prosoenidm,

418 2753 588 2836 Tantisper
611 2753 686 2819 duim
708 2755 915 2838 transigimus
938 2754 1021 2821 hano
1044 2754 1250 2822 comoediam.

420 2857 481 2923 Hie
502 2855 626 2923 habitat
648 2860 769 2943 mulier,
793 2881 907 2928 nomen
930 2861 980 2928 oui
1003 2860 1052 2927 est
1074 2860 1291 2926 Phronesium.

319 2995 321 2999 v
420 2965 510 3030 Haeo
531 2961 625 3027 huius
648 2964 726 3032 stoli
747 2986 851 3032 mores
873 2969 906 3031 in
929 2986 965 3033 se
987 2963 1145 3048 possidet:

421 3069 601 3150 Numquam
624 3070 664 3135 ab
687 3071 830 3137 amatdre
853 3070 1037 3155 postulavit,
1061 3070 1146 3154 qnod
1171 3070 1279 3135 datum
1301 3068 1360 3148 est,

423 3174 487 3240 Sed
510 3172 661 3240 relicuom
684 3173 892 3258 datoperam
915 3176 956 3241 ne
980 3177 1021 3241 sit
1043 3175 1192 3243 reliaudm

421 3276 587 3344 Poseendo
610 3283 706 3360 atque
729 3279 912 3362 adserendo,
936 3287 971 3348 ut
992 3282 1062 3348 mos
1084 3287 1133 3347 est
1152 3280 1326 3346 mulierum.

422 3385 505 3451 Nam
528 3383 629 3449 omnis
652 3383 687 3448 id
708 3383 837 3468 laniunt,
862 3407 934 3453 oum
957 3407 992 3452 se
1016 3386 1116 3452 amari
1138 3386 1336 3467 intellegunt.

424 3489 474 3554 Ea
496 3508 531 3554 se
554 3491 718 3571 peperisse
740 3510 873 3573 puerum
897 3493 1024 3558 simulat
1045 3492 1148 3576 militi,
1186 3530 1189 3535 ,

336 3587 343 3611 ²
426 3595 495 3672 Quo
520 3594 612 3659 eitius
635 3613 701 3658 rem
725 3595 765 3661 db
789 3617 826 3662 eo
850 3602 975 3663 avertat
996 3597 1067 3662 aium
1090 3595 1278 3680 pulvisould.

426 3699 510 3777 Quid
531 3698 654 3764 multa?
679 3699 767 3766 ldous
789 3701 864 3767 huie
886 3702 914 3766 si
937 3702 1119 3785 suppeteret
1141 3701 1273 3781 mulieri,

426 3805 458 3869 Is
483 3824 554 3869 oum
578 3804 686 3870 anima
708 3805 752 3870 ad
774 3825 845 3872 eam
868 3805 1051 3874 habentium
1075 3808 1198 3872 omnem
1222 3804 1385 3871 everteret.
1457 3841 1468 3861 ·

299 4096 334 4154 V.
361 4096 431 4150 1-3
457 4093 492 4151 oi.
540 4093 627 4148 Prisc.
656 4093 791 4152 demetr.
819 4094 882 4153 Ter.
906 4112 929 4153 o.
947 4096 974 4162 2,
992 4097 1018 4153 9.
1054 4095 1193 4164 Apuleius
1216 4095 1289 4150 Flor.
1318 4094 1358 4150 IV
1388 4111 1415 4152 n.
1435 4093 1469 4148 18
1490 4089 1533 4150 ed.

229 4183 410 4242 Hildebrand.
424 4184 451 4242 4.
469 4183 503 4240 V.
523 4183 558 4240 D.
577 4181 683 4236 adnunt
701 4184 732 4240 P.
753 4189 782 4238 at
800 4197 882 4238 nuno.
902 4183 926 4238 5.
946 4182 980 4239 V.
1000 4183 1034 4238 D.
1048 4181 1144 4237 Melior
1156 4197 1199 4237 me
1212 4183 1331 4256 quidem.
1350 4183 1381 4236 P.
1393 4181 1534 4236 Meliorem
1563 4253 1567 4260 .

230 4271 348 4339 quidem.
422 4271 528 4340 Scripsi
548 4269 640 4325 llinor
656 4271 790 4338 equidem.
815 4272 840 4326 6.
865 4270 944 4326 codd.
971 4285 1052 4324 omm.
1076 4286 1119 4324 en.
1142 4271 1174 4329 P.
1196 4262 1346 4329 abducunt.
1409 4271 1434 4326 7.
1452 4269 1534 4323 Enim

230 4359 319 4415 horale
338 4362 385 4432 V.;
404 4361 438 4416 D.
458 4361 528 4414 Eum
548 4358 639 4413 herole
657 4358 688 4413 P.
708 4359 850 4414 Meherole.
870 4359 906 4416 V.
924 4359 953 4412 in
971 4358 1064 4412 uodiis
1083 4359 1118 4416 D.
1136 4359 1167 4416 P.
1187 4354 1296 4414 inodiis.
1347 4359 1372 4416 9,
1387 4357 1466 4416 eodd.
1480 4373 1536 4426 qua

205 4435 292 4505 'huo
347 4445 479 4504 10'oodd
497 4449 594 4501 traeto.
633 4445 738 4515 Scripsi
757 4449 856 4519 agitur.
911 4448 953 4502 12.
973 4445 1052 4502 eodd.
1072 4449 1190 4504 nomine.
1240 4448 1282 4502 lt
1302 4446 1382 4503 oodd.
1403 4463 1454 4501 suo
1472 4460 1535 4514 pos-

232 4536 305 4590 tulat
327 4537 356 4590 id
379 4553 407 4605 p.
425 4533 588 4604 postulavit.
665 4533 708 4589 15.
741 4535 795 4590 Sed
819 4534 951 4590 raliouom
984 4534 1171 4590 Camerarius:
1204 4533 1284 4592 codd.
1312 4533 1367 4589 Sed
1394 4534 1536 4603 reliquam.

234 4625 276 4679 19.
290 4624 370 4682 oodd.
384 4623 526 4691 auteratp.
542 4627 659 4678 auertat.
705 4623 748 4688 20.
761 4623 796 4682 V.
809 4625 897 4678 multa
916 4664 976 4681 ....
997 4623 1076 4678 Stuio
1094 4623 1117 4678 si
1138 4628 1249 4693 superet
1260 4623 1383 4677 muliere.
1402 4624 1437 4681 D.
1449 4624 1537 4680 multa

233 4717 344 4781 superet
357 4713 505 4768 mulierem.
542 4711 573 4768 P.
587 4711 674 4764 Multa
688 4719 816 4782 superest
834 4711 983 4766 mulierem.
1046 4710 1150 4781 Scripsi
1163 4693 1241 4769 loo'us
1254 4713 1318 4768 huie
1331 4713 1354 4766 si
1369 4716 1537 4782 suppeteret.
1559 4760 1563 4765 .

232 4799 276 4857 21.
304 4799 384 4858 codd.
408 4815 516 4854 omnes:
544 4797 587 4852 his
611 4829 643 4838 -
671 4799 706 4854 ad
730 4816 792 4856 eum
816 4800 938 4856 habenti.
980 4799 1088 4854 Deinde
1112 4815 1229 4869 omnem,
1253 4800 1328 4868 quod
1346 4799 1428 4856 oodd.
1448 4813 1537 4870 omm.‚

235 4887 342 4944 addidit
361 4887 493 4958 Scaliger.
530 4886 657 4954 Denique
674 4889 705 4946 P.
726 4889 858 4946 evorterit
876 4888 911 4945 V.
930 4889 1089 4943 eroeteritur
1107 4889 1142 4946 D.
1161 4889 1325 4946 erteteritur.
