3588 5464
189 300 192 305 ·
311 305 355 374 50
566 366 568 372 y
915 285 1077 352 ennuur'
1391 289 1452 364 nv,
1469 295 1495 365 n,
1512 287 1609 361 e-rq
1778 281 1779 354 7

460 481 550 548 Nune
573 480 649 547 dum
665 471 842 568 ‘ietilubet
866 485 992 563 tempue
1016 479 1046 546 ei
1067 479 1113 544 rei
1136 478 1310 547 seeundum
1332 484 1390 544 est.

311 591 424 656 Prome
445 589 641 654 venustatem
663 592 750 654 tuam
774 585 903 669 amenti,
929 591 972 668 ut,
995 584 1071 651 dum
1092 584 1202 668 habet,
1226 584 1346 668 gaudia
1368 581 1542 666 compares.

457 693 527 774 Ego
549 694 601 760 hie
623 693 748 759 interim
769 693 907 759 restitrix
921 689 1121 775 praesidebo,
1569 677 1608 747 (5)

459 800 535 864 istie
557 797 633 865 dum
650 798 701 864 eie
721 798 818 864 sdeiat
840 797 967 864 domum
990 796 1033 862 td
1054 802 1087 863 te
1109 797 1298 882 exagdgam,

461 904 528 971 Nee
550 903 740 987 quemquam
761 903 884 968 interim
906 905 987 969 istoc
1009 901 1052 967 ad
1073 901 1142 984 vde,
1165 903 1219 985 qui
1241 903 1282 968 sit
1304 900 1386 983 ridie,
1409 900 1455 965 in-

459 1013 645 1076 tromittam:
668 1015 703 1077 tu
726 1009 834 1092 perge,
858 1015 892 1075 ut
914 1009 1011 1091 lubet,
1035 1005 1144 1084 ludere
1170 1009 1257 1074 istos.

849 1133 1074 1199 Drnrnnerruer.
1170 1174 1173 1186 ·

460 1239 538 1319 Quis
563 1240 611 1306 det
633 1238 716 1306 iste?
738 1238 937 1323 Astdphinm
960 1237 1130 1322 indiedbin
1154 1236 1207 1319 qui
1228 1233 1361 1318 pereat?

850 1347 1061 1412 terremur.

698 1451 821 1518 Amtbe
843 1451 947 1519 hicine
969 1453 1004 1518 tri
1026 1451 1121 1518 erae?

845 1559 1070 1624 Dmmrrerrus.

457 1663 651 1730 Molestuene
673 1663 766 1729 erim?

850 1769 1062 1862 Aeummum

749 1875 840 1942 Nune
863 1878 976 1959 magist,
1000 1893 1097 1958 quam
1118 1870 1214 1952 fuisti,

238 1969 290 2024 ⁷¹⁰
457 1981 539 2047 Nam
561 1977 623 2045 nisi
645 1979 699 2061 qui
721 1980 792 2046 usui
814 1980 864 2046 eet
885 1981 987 2062 nobis,
1010 1978 1101 2045 netis
1124 1975 1298 2044 molestust.

309 2081 374 2152 Sed
395 2083 537 2166 obsedit,
561 2083 603 2150 de
625 2085 668 2151 mi
681 2099 830 2169 operam,
852 2081 887 2153 ut
909 2086 1045 2168 niuem,
1070 2103 1152 2168 quae
1176 2080 1259 2148 void.

844 2213 1068 2282 Drnrusscuue

394 2314 553 2398 Namquid
576 2314 637 2382 est:
661 2336 737 2382 num
759 2317 831 2384 met
853 2317 973 2383 refert?

849 2424 1061 2494 terremur.

911 2521 1021 2595 'Num
1045 2519 1215 2593 mussites?

305 2629 393 2698 Intus
415 2629 473 2714 det,
496 2631 586 2700 holos
609 2633 663 2717 qui
686 2629 750 2697 dtr.

804 2767 808 2774 ·
841 2737 1066 2802 Drnmuerrue

783 2840 890 2920 Quid?
911 2861 1011 2909 novos
1033 2837 1155 2906 emtter
1178 2837 1360 2922 quispidm‘?

848 2949 1059 3013 Asrmmun.

395 3053 554 3134 integrum
576 3051 608 3118 dt
629 3050 758 3138 plenum
780 3051 894 3118 addrta
916 3059 969 3120 eet
985 3050 1177 3118 thesaurum.
1284 3081 1286 3091 ‹

839 3158 1064 3225 Drnrnrcnue.

822 3327 825 3333 .
1146 3259 1223 3340 Quis
1246 3259 1316 3334 est‘t

844 3369 1058 3433 Asmurnam.

236 3474 288 3531 715
307 3470 456 3555 Eloqutr,
479 3468 537 3538 sed
558 3475 593 3538 tu
614 3469 728 3539 rareto.
774 3472 886 3540 Nostin
908 3480 942 3541 tn
964 3472 1048 3539 hirne
1071 3469 1278 3540 Strabacem?

375 3767 436 3826 701.
462 3767 493 3826 P.
517 3767 598 3823 Hune
621 3765 694 3826 diem
716 3784 743 3837 p.
765 3767 845 3825 Nune
863 3767 936 3825 dnm.
964 3768 999 3828 V.
1017 3769 1052 3828 D.
1072 3759 1138 3824 insti
1155 3767 1240 3825 iubet.
1270 3765 1377 3822 Deinde
1400 3765 1480 3826 eodd.
1504 3781 1600 3823 omnes

304 3852 349 3910 hie
370 3855 509 3912 inserunt:
528 3855 592 3912 dnm
608 3855 708 3928 hebet,
730 3855 785 3912 nisi
808 3855 883 3927 qued
904 3858 935 3917 P.
958 3855 1053 3928 hebes.
1082 3857 1209 3927 Denique
1231 3856 1266 3913 V.
1287 3854 1322 3911 D.
1346 3855 1496 3926 eeeundee,
1519 3856 1549 3916 P.
1573 3856 1599 3911 ei

304 3942 486 4002 obredundes.
543 3943 604 4002 702.
627 3944 707 4005 codd.
726 3945 830 4003 umenti
847 3951 932 4004 tuem.
949 3943 1057 4001 Deinde
1075 3945 1154 4002 codd.
1173 3960 1255 4002 emm.
1271 3941 1325 3998 hoe
1337 3943 1412 3999 loen:
1431 3945 1496 3998 dum
1507 3943 1598 4002 habet.

303 4030 429 4100 Denique
441 4032 475 4089 V.
487 4029 523 4090 D.
535 4045 647 4100 enmper
660 4033 708 4089 ein.
764 4034 825 4092 703.
843 4031 887 4088 hie
904 4034 1012 4088 interim
1030 4032 1160 4088 Bothiue:
1190 4031 1269 4089 eodd.
1285 4030 1393 4087 interim
1412 4031 1464 4090 hie.
1491 4030 1598 4088 Deinde

302 4118 425 4194 reetitrix
441 4117 603 4174 Lambinus:
623 4121 703 4181 endd.
723 4137 819 4178 omnes
837 4122 992 4190 meritricis,
1010 4122 1064 4176 nisi
1082 4122 1157 4190 quod
1174 4120 1208 4178 V.
1227 4120 1401 4180 restititriniu.
1455 4120 1516 4178 704.
1535 4120 1599 4176 istie

302 4206 432 4264 Bothius:
451 4206 530 4268 eodd.
548 4206 612 4267 iste.
668 4209 727 4268 705.
746 4211 780 4268 V.
799 4207 959 4279 eequieqne.
977 4209 1011 4267 D.
1030 4210 1060 4268 P.
1079 4215 1107 4264 et
1124 4227 1151 4278 p.
1169 4223 1229 4266 nee.
1244 4209 1276 4268 P.
1295 4224 1460 4279 quemquam
1473 4239 1506 4250 -
1525 4209 1598 4264 istun

304 4297 340 4352 ad
357 4311 409 4352 nos
429 4295 525 4366 quiqui
543 4295 580 4352 sit
598 4294 688 4354 hodie.
743 4298 802 4354 706.
821 4296 916 4354 ludere
933 4299 1044 4354 Douzn:
1062 4298 1097 4356 V.
1114 4298 1149 4356 D.
1169 4297 1254 4367 ln'din,
1266 4297 1297 4356 P.
1310 4298 1383 4356 ludo.
1439 4299 1498 4356 707.
1518 4297 1596 4354 eodd.

304 4384 360 4451 Qui
376 4401 403 4454 p.
423 4383 501 4450 Quis.
521 4383 630 4441 Deinde
647 4385 681 4443 V.
699 4385 734 4442 D.
754 4399 787 4440 eu
804 4385 978 4457 Astaphium,
996 4386 1027 4444 P.
1046 4387 1091 4443 eia
1108 4385 1282 4454 Astaphium.
1308 4387 1435 4455 Denique
1452 4387 1486 4442 V.
1504 4385 1539 4441 D.
1557 4386 1597 4439 in·

303 4473 366 4530 diee
387 4472 435 4542 qui
456 4473 540 4543 perit,
561 4472 594 4532 P.
617 4472 662 4529 die
680 4473 727 4543 qui
749 4473 828 4543 perit
884 4474 945 4534 708.
962 4474 998 4533 D.
1016 4473 1121 4530 hieinet
1138 4489 1211 4530 uere.
1235 4475 1266 4532 P.
1284 4473 1390 4532 hieeine
1408 4489 1482 4531 uero.
1537 4474 1596 4530 709.

302 4561 334 4620 P.
352 4560 501 4618 modestus.
556 4560 616 4636 710.
635 4561 716 4623 eodd.
732 4577 796 4618 nam
813 4562 837 4618 si
856 4562 922 4633 quid
946 4560 1027 4619 nubis
1048 4565 1137 4620 neunt.
1164 4561 1245 4622 Both.
1268 4563 1331 4618 unni
1348 4565 1393 4618 eet
1409 4561 1498 4620 nobis.
1516 4561 1596 4620 endd.

303 4663 398 4704 omnes
415 4649 557 4704 molestus.
611 4649 673 4708 711.
690 4651 725 4710 V.
744 4651 844 4720 nolum,
861 4649 895 4708 D.
914 4633 990 4708 uolfl.
1046 4650 1106 4708 ⁷12.
1125 4649 1159 4708 V.
1177 4649 1211 4708 D.
1230 4667 1294 4706 num
1317 4665 1349 4706 eu
1366 4648 1457 4707 refert.
1485 4651 1516 4708 P.
1540 4665 1596 4706 non

303 4751 365 4794 meu
381 4736 472 4798 refert.
490 4737 524 4797 V.
541 4737 576 4796 D.
595 4752 651 4796 nen
668 4741 782 4798 mueeet.
799 4739 831 4794 P.
849 4752 906 4793 non
924 4741 1029 4794 musnet
1178 4738 1241 4798 713.
1254 4739 1333 4798 endd.
1345 4741 1420 4796 intur
1432 4739 1512 4796 bolos
1526 4753 1595 4807 quoe

303 4824 360 4882 det
377 4826 408 4885 P.
421 4826 469 4895 qui
485 4841 514 4896 p.
531 4824 607 4895 quid.
631 4826 710 4884 cedd
730 4830 835 4883 emetur
853 4841 951 4884 nouus.
1004 4826 1065 4884 714.
1083 4826 1117 4886 V.
1136 4825 1171 4884 D.
1189 4825 1375 4887 thensaurum.
1430 4827 1490 4884 715.
1508 4828 1542 4886 V.
1560 4827 1595 4887 D.

302 4915 332 4968 te
348 4912 453 4984 loquer.
472 4913 552 4976 codd.
570 4914 617 4973 diu
635 4916 673 4988 (p.
690 4916 733 4985 tu)
752 4919 843 4974 teneto
862 4915 985 4972 nouistin
1002 4917 1061 4974 tun.
1084 4915 1117 4974 V.
1136 4914 1171 4976 D.
1191 4911 1362 4974 Staberium.
