3588 5464
302 256 346 326 54
582 311 584 316 ,
869 267 1005 327 PLAUTI
1332 277 1391 350 (lv,
1411 283 1442 350 2,
1460 280 1557 352 50-3,
1576 283 1603 352 9)

303 433 493 521 Suppostrix
514 460 657 525 puerum.
691 468 751 533 ego
774 451 888 536 edepbl
909 455 973 522 iam
995 464 1051 525 tua
1071 461 1190 543 probra
1214 462 1345 545 aperibo
1368 467 1484 534 omnia.
1545 460 1603 532 (50)

302 543 356 609 Nil
378 565 428 611 me
451 546 578 632 re'tinet:
601 553 728 635 perdidi
750 556 850 640 amne,
868 561 960 653 ¹quod
981 563 1055 646 iuit3
1078 567 1119 631 fio
1142 566 1299 651 indigene,

224 744 228 750 ¹
302 650 369 717 Nec
390 651 433 717 mi
454 652 548 726 adast
568 657 612 724 ad
634 660 732 726 ullum
754 661 883 732 causum
905 669 979 753 iam,
1003 691 1064 754 quo
1087 672 1222 755 parilem
1244 674 1378 747 calceos.

303 753 369 822 Sed
391 757 467 839 quid
489 781 548 844 ego
570 762 622 830 hic
644 765 771 833 clamo?
794 770 870 851 quid
892 777 920 840 si
942 797 993 842 me
1015 777 1122 844 iubeat
1144 779 1365 846 intromittiar?

234 871 286 928 755
305 861 484 948 Conceptis,
507 861 557 933 me'
579 890 642 938 non
665 871 829 958 factarum,
853 880 957 946 verbis
979 881 1091 967 idrem,
1116 882 1144 949 si
1165 885 1251 958 velit.

303 967 417 1050 Nugae
438 971 525 1038 sint:
550 975 577 1039 si
599 977 741 1045 stimulos
763 983 880 1064 pdgnis
903 986 1021 1068 caedis,
1045 989 1191 1056 manibus
1213 991 1286 1073 plus
1308 992 1401 1061 dolat.
1544 988 1601 1058 (55)

238 1067 239 1072 ’
303 1071 353 1137 De
374 1073 473 1142 nihilo
495 1076 544 1144 ast
565 1079 622 1151 illi,
635 1088 667 1148 te
689 1083 795 1169 irasci,
819 1107 902 1171 quae
924 1095 955 1156 te
976 1094 1039 1158 nim
1062 1093 1261 1163 floccifacit.
1334 1145 1338 1156 .

303 1175 368 1243 Sed
389 1179 449 1247 hoc
471 1183 548 1265 quid
570 1185 642 1252 est?
664 1189 748 1255 Proh
771 1191 803 1258 di
825 1193 1032 1272 immortales!
1056 1199 1219 1267 Calliclem
1241 1202 1334 1270 video
1357 1206 1474 1289 senem,

303 1283 391 1352 Meus
414 1288 468 1370 qui
489 1289 608 1358 adfinis
630 1291 697 1376 filit,
722 1297 855 1365 ancillas
879 1300 1168 1372 duasconstrictas
1191 1305 1317 1391 ducena,

235 1394 287 1450 760
304 1390 446 1458 Alteram
468 1397 647 1465 tonstricem
670 1400 809 1486 huidsce,
833 1407 965 1473 alteram
989 1409 1137 1474 ancillam
1166 1412 1265 1478 suam.

304 1497 467 1566 Pertimui:
491 1509 660 1587 postquam
681 1527 746 1574 una
767 1510 843 1576 cuira
866 1531 920 1578 cor
942 1516 1046 1580 merim
1068 1519 1167 1583 movit
1188 1517 1292 1600 modb,

305 1603 426 1688 Timeo,
449 1607 490 1674 ne
513 1609 682 1679 malefacta
703 1617 835 1698 antiqua
855 1638 928 1687 mea
951 1620 1014 1689 sint
1035 1623 1165 1691 inventa
1187 1625 1302 1692 omnia.

512 1973 515 1983 .
575 1877 777 1949 moncons.
822 1883 1000 1956 Anemosa
1023 1910 1060 1957 11.
1104 1873 1328 1960 D1n1sucnus.
1403 1909 1428 1952 Α

852 2100 1054 2170 (laumense.

304 2190 396 2272 Egon
416 2191 474 2260 tibi
495 2197 579 2266 male
601 2197 706 2266 dicam
729 2206 785 2269 aut
806 2202 888 2272 adeo
910 2208 995 2275 male
1016 2209 1137 2275 uelim?
1159 2210 1194 2276 dt
1215 2211 1339 2279 animus
1363 2217 1473 2299 meast,

302 2295 534 2392 Propemodum
556 2303 707 2388 expertae
730 2309 816 2392 estis,
839 2332 934 2394 quam
957 2314 1017 2398 ago
1040 2316 1100 2382 sim
1122 2316 1207 2382 mitis
1228 2317 1476 2404 tranquillusque
1497 2322 1599 2390 homa.

233 2416 285 2474 765
302 2402 453 2487 Rogitavi
475 2407 535 2490 ego
557 2431 615 2478 vos
637 2415 820 2498 vapulantis
843 2419 964 2502 ambas,
988 2419 1156 2504 pendentis
1180 2421 1287 2488 simul:

303 2508 520 2596 commemini,
544 2536 605 2599 quo
629 2521 762 2606 quicque
784 2523 878 2606 pacto
901 2525 980 2592 silis
996 2525 1175 2594 obniessae:
1199 2527 1274 2594 scio.
1362 2592 1364 2596 ,
1462 2597 1472 2610 „

302 2614 361 2680 Hic
383 2637 466 2685 nunc
488 2619 561 2688 valo
584 2626 674 2709 scire,
698 2627 809 2696 eodem
831 2629 926 2712 pacto
949 2651 991 2696 an
1014 2632 1082 2699 sine
1103 2632 1188 2698 mala
1211 2633 1383 2700 fateamini.
1560 2629 1599 2702 (5)

303 2719 503 2807 Quamquam
525 2729 583 2796 vas
606 2731 766 2800 colubrino
787 2734 915 2817 inganio
938 2736 1052 2804 ambae
1074 2737 1161 2819 estis,
1185 2736 1274 2805 edico
1300 2740 1399 2823 prius,

302 2827 351 2895 Ne
373 2829 508 2914 duplicis
534 2833 679 2904 habeatis
701 2839 840 2924 linguas,
863 2861 904 2907 ne
927 2862 988 2926 ego
1011 2843 1158 2926 bilinguis
1181 2864 1240 2912 vos
1263 2845 1383 2928 necem,

204 2931 207 2936 ’
235 2944 287 3000 ((0
303 2933 371 3002 Nisi
394 2935 421 3002 si
443 2936 486 3004 ad
510 2941 734 3011 tintinnaculbs
756 2966 814 3013 vos
837 2947 931 3013 uoltis
954 2947 1046 3015 educi
1068 2948 1162 3016 viras.

966 3091 987 3137 n
1012 3092 1043 3138 n.

301 3163 358 3232 Vis
381 3137 498 3251 subigit
519 3190 628 3238 verum
649 3167 763 3242 fatbrir-
779 3176 824 3244 ita
845 3071 1068 3248 laaffllaeaunt
1089 3179 1228 3248 brachia.

375 3464 435 3520 751.
454 3464 487 3522 V.
505 3465 540 3525 D.
558 3466 569 3520 i
586 3471 635 3524 tua
652 3472 740 3538 proba
757 3489 784 3542 p.
804 3474 858 3529 iam
879 3479 928 3530 tua
946 3475 1054 3544 probra.
1091 3477 1123 3532 P.
1142 3480 1192 3531 tua
1208 3476 1322 3548 probra,
1345 3493 1397 3536 om.
1421 3478 1484 3534 iam.
1539 3477 1598 3534 (52.

303 3552 382 3609 codd.
402 3570 483 3612 cmm.
501 3555 609 3615 retinet.
627 3557 661 3616 V.
680 3559 710 3616 P.
729 3560 882 3631 impudens,
901 3561 935 3620 D.
954 3562 1122 3631 imprudens.
1141 3565 1247 3644 ¹Scripsi
1264 3565 1403 3636 indigens.
1440 3565 1500 3624 753.
1519 3565 1598 3624 codd.

252 3639 258 3652 ‘
301 3641 379 3698 illum
396 3658 423 3711 p.
442 3643 537 3703 ullum.
559 3644 667 3700 Deinde
685 3648 764 3715 pensi
785 3664 813 3717 p.
836 3664 950 3704 censum
964 3677 1002 3692 ·-
1022 3667 1093 3721 quos
1117 3653 1223 3723 capiam
1240 3669 1268 3722 p.
1287 3669 1341 3723 quo
1359 3653 1484 3722 paritum.
1539 3655 1600 3712 754.

302 3730 336 3786 V.
346 3731 523 3788 intromittiar
531 3733 566 3791 D.
579 3734 753 3790 intromittar.
790 3735 849 3790 755.
859 3738 894 3794 V.
903 3739 938 3794 D.
949 3739 1015 3796 irem
1031 3741 1055 3795 si
1068 3741 1144 3810 louit,
1154 3742 1210 3797 nisi
1220 3742 1295 3810 quod
1307 3742 1341 3797 D.
1355 3741 1454 3811 silcuit,
1464 3743 1497 3800 P.
1506 3743 1530 3798 si
1541 3759 1599 3799 rem

302 3818 404 3879 sileuit.
442 3821 502 3884 lau.
513 3822 593 3879 codd
606 3823 641 3879 de
651 3823 735 3880 nihilo
746 3823 815 3880 nihil
827 3830 870 3880 est
882 3826 971 3884 irasci.
1009 3830 1069 3885 758.
1078 3831 1113 3887 D.
1128 3830 1159 3888 P.
1174 3830 1309 3900 quidhoc,
1322 3830 1357 3887 V.
1368 3845 1422 3886 om.
1437 3829 1498 3886 boc.
1511 3830 1545 3886 V.
1564 3830 1599 3902 D,

301 3907 419 3964 calicton
437 3910 509 3967 uide.
527 3911 560 3967 P.
578 3927 631 3970 om.
649 3912 739 3972 uideo.
794 3913 855 3972 759.
874 3913 953 3969 codd.
973 3932 1026 3987 que
1043 3935 1068 3987 p
1091 3919 1147 3988 qui.
1165 3918 1272 3974 Deinde
1287 3920 1322 3976 V.
1335 3935 1380 3974 om
1392 3918 1453 3976 iuuit.
1471 3917 1598 3974 Ceterum

300 3995 380 4052 codd.
399 4012 493 4054 omnes
512 3998 585 4055 bunc
602 4015 712 4056 versum
729 4007 900 4072 postponunt
918 4005 1054 4074 sequenti.
1102 4007 1163 4062 (60.
1183 4005 1263 4063 codd.
1280 4006 1370 4066 huius.
1424 4007 1485 4062 (61.
1498 4007 1532 4064 V.
1545 4022 1597 4062 om.

301 4100 376 4140 cura.
431 4087 491 4144 762.
512 4088 590 4144 codd.
611 4105 723 4146 omnes:
742 4106 777 4146 ne
795 4106 839 4148 me
857 4090 1002 4148 malefacta
1021 4126 1054 4136 -
1074 4095 1141 4152 sine.
1157 4097 1190 4155 V.
1209 4094 1328 4151 inuenio.
1348 4093 1381 4150 D.
1400 4094 1431 4150 P.
1450 4093 1597 4158 inueniam

300 4173 425 4230 Correxit
443 4175 595 4234 Acidalius.

370 4260 404 4318 V.
424 4260 551 4320 SENEX.
577 4264 736 4322 ANOILLE
755 4268 790 4324 ΙΙ.
819 4267 1068 4327 ADULESCENS.
1087 4270 1118 4326 P.
1141 4270 1262 4326 Callicles
1282 4285 1374 4326 senex.
1402 4270 1512 4327 Ancille
1535 4271 1597 4330 due.

300 4349 455 4406 Dinarchus
473 4352 645 4411 adolescens.
698 4356 759 4413 ’(63.
773 4362 822 4412 aaut
839 4356 909 4413 adeo
927 4358 1058 4414 Bothius:
1077 4361 1111 4416 V.
1129 4360 1164 4416 D.
1183 4362 1232 4413 aut
1249 4358 1301 4414 tibi
1322 4358 1393 4428 adte,
1416 4359 1446 4414 P.
1471 4365 1520 4414 aut
1538 4359 1596 4429 tibi,

300 4454 353 4497 om.
372 4438 450 4497 adeo.
469 4440 576 4498 Deinde
593 4444 624 4500 P.
642 4443 777 4499 mauelim.
796 4446 831 4502 V.
850 4445 941 4501 animu
960 4454 1057 4518 meust,
1076 4448 1111 4505 D.
1129 4447 1160 4501 P.
1180 4445 1270 4501 animo
1289 4450 1386 4504 meost.
1442 4446 1502 4502 764.
1518 4449 1554 4504 D.
1566 4449 1596 4505 P.

247 4571 249 4582 ,
300 4543 334 4582 ex
362 4533 448 4596 parte.
479 4529 513 4585 V.
537 4529 571 4585 D.
598 4530 694 4584 essetis
721 4565 752 4572 —
777 4534 879 4589 similes
901 4535 1065 4604 tranquillus
1084 4549 1173 4603 usque
1196 4532 1287 4594 hoino.
1314 4536 1345 4592 P.
1364 4533 1415 4589 sim
1434 4535 1598 4604 tranquillus

299 4631 389 4684 usque
407 4617 496 4672 modo.
554 4608 613 4674 765.
633 4618 712 4676 codd.
730 4621 902 4677 uerberantis
920 4637 948 4689 p.
967 4623 1133 4691 vapulantis.
1151 4623 1186 4678 V.
1204 4623 1424 4692 baspcndontes,
1446 4623 1481 4682 D.
1499 4624 1529 4678 P.
1547 4622 1597 4676 has

300 4704 454 4772 pendentis.
510 4706 569 4762 766,
592 4708 622 4764 V.
641 4707 675 4762 D.
695 4708 850 4778 quicquam.
905 4709 965 4766 767.
983 4711 1062 4766 codd.
1080 4725 1161 4768 omm.
1180 4727 1224 4767 an.
1280 4711 1341 4766 (68.
1366 4709 1402 4766 V.
1423 4710 1458 4766 D.
1481 4710 1596 4766 colubri-

300 4808 364 4848 non.
421 4794 480 4854 769.
498 4793 532 4850 D.
550 4794 662 4850 habeas.
682 4796 715 4852 V.
733 4796 768 4856 D.
787 4797 910 4868 linguam
929 4829 962 4838 -
981 4797 1019 4852 ibi
1031 4798 1140 4870 linguis.
1196 4800 1256 4856 770.
1275 4799 1308 4855 V.
1321 4798 1356 4852 D.
1368 4798 1468 4869 Nesisi,
1486 4799 1515 4856 P.
1530 4798 1596 4857 Nisi.

304 4880 384 4936 codd.
403 4897 498 4940 omncs
517 4883 599 4940 uoltis
617 4899 676 4944 uos.
714 4885 774 4946 ill.
793 4886 899 4960 subigit
916 4884 1043 4945 Bothius:
1063 4885 1144 4948 codd.
1161 4887 1279 4958 subegit.
1297 4886 1331 4946 V.
1349 4885 1485 4944 bracchia.
