3588 5464
308 299 351 370 64
887 289 1024 356 eecce
1368 337 1370 342 -
1443 296 1490 377 (v,
1506 301 1607 379 5-17)

237 483 292 541 ecc
309 477 401 548 poen
424 483 459 546 uc
480 479 558 546 mai
579 481 730 579 molada
751 473 791 547 nc
814 481 883 548 sisa

819 671 1098 745 academicis.
1439 756 1447 775 .

929 818 1013 900 Quid
1035 818 1069 887 id
1092 826 1150 903 eet,
1172 819 1431 904 Astaphilitidm?
1567 819 1607 936 (5)

726 1080 731 1089 ,
856 1011 1064 1082 decumum.

307 1153 419 1224 Merito
441 1155 566 1225 ecastor
587 1157 642 1226 tibi
665 1156 837 1227 suscenset.
872 1229 877 1240 ,

842 1345 1071 1418 Paconianum.

878 1469 960 1565 eho!
984 1518 1067 1564 anne
1089 1497 1179 1566 istice
1201 1499 1296 1566 etiam
1318 1498 1431 1581 partim

306 1605 391 1671 Male
413 1604 509 1670 veld?

767 1877 769 1884 ,
818 1792 1096 1867 STRATOPHANES.

549 1941 617 2025 Ego
640 1962 711 2009 mea
733 1940 890 2024 voldptas‚
914 1942 941 2006 si
964 1942 1040 2026 quid
1062 1941 1194 2024 peccavi
1215 1942 1314 2026 pride,
1366 1897 1372 1910 ⁸
1418 2005 1419 2010 ,

307 2044 504 2129 Supplicium
527 2045 571 2112 ad
592 2052 623 2114 te
645 2046 728 2115 hanc
751 2044 819 2111 fero
842 2047 960 2112 minam
982 2041 1066 2113 adri:
1089 2048 1151 2116 nisi
1173 2048 1216 2115 mi
1238 2048 1352 2131 credie,
1381 2049 1514 2134 respice.

841 2237 1070 2322 Pflaopaewec

267 2434 271 2440 «
306 2385 420 2451 Manus
442 2384 538 2467 vetit,
561 2385 745 2470 priusquam
768 2383 867 2468 penes
889 2405 961 2450 sese
982 2383 1110 2468 habeat,
1133 2388 1302 2470 quicquam
1323 2383 1462 2455 credere.

236 2511 290 2568 890
306 2491 409 2558 Puero
431 2489 524 2574 epist
545 2489 658 2574 cibum,
681 2510 761 2574 opus
783 2496 832 2557 est
853 2490 958 2556 alitem
981 2490 1084 2574 matri,
1108 2493 1191 2574 quae
1213 2513 1346 2576 puerum
1368 2494 1458 2575 lavit,
1548 2485 1604 2554 (10)

219 2585 221 2592 ¹
307 2597 396 2682 Opus
418 2595 541 2678 nutrici,
565 2595 737 2678 ampullam
760 2602 794 2664 ut
816 2595 934 2662 habeat
955 2597 1072 2662 vcterie
1094 2598 1170 2680 vini,
1193 2598 1324 2686 largiter¹

307 2704 350 2770 Ut
370 2701 439 2769 dics
461 2707 633 2785 noctesque
654 2701 754 2784 pdtet:
779 2721 859 2784 opus
881 2702 977 2784 ligne,
1001 2702 1096 2784 dpust
1117 2703 1316 2787 carbonihcs,

306 2809 429 2876 Fasciis
451 2812 554 2891 opust,
577 2806 724 2890 pulvinis,
748 2807 847 2889 cunis,
875 2807 1089 2874 incunabulis:
1228 2819 1230 2830 ·

306 2913 418 2982 Oleum
440 2913 543 2997 epist,
567 2910 673 2978 farina
695 2910 792 2994 pierc
815 2917 919 2996 opust,
942 2913 1036 2995 opdst
1057 2918 1156 2981 totum
1179 2912 1275 2981 diem.
1573 2989 1575 2994 ,

237 3042 289 3099 895
306 3021 486 3103 Numquam
507 3018 567 3084 hcc
589 3018 652 3084 dno
675 3015 727 3083 dic
749 3015 906 3084 efficiatur
927 3036 1018 3100 epus,
1041 3018 1116 3101 quin
1139 3017 1219 3102 dpus
1242 3037 1366 3102 semper
1388 3018 1456 3087 siet.
1546 3013 1602 3084 (15)

307 3129 377 3196 Non
400 3125 483 3192 enim
505 3125 638 3208 pessunt
660 3122 811 3191 militares
834 3123 925 3207 pueri
949 3123 1053 3191 eldvie
1075 3123 1210 3192 educier.

283 3403 286 3412 .
815 3312 1094 3383 &nicoma

307 3465 442 3551 Respice
463 3461 540 3548 ergo
563 3465 658 3545 atque
679 3458 790 3543 accipe
811 3459 900 3544 hece,
923 3461 977 3546 qui
998 3461 1079 3530 istuc
1102 3457 1225 3528 efficias
1247 3459 1336 3545 opis.

414 3757 475 3822 888.
502 3755 584 3816 Potin
602 3761 633 3814 ut
659 3753 786 3814 Bothius:
814 3753 895 3815 codd.
924 3755 1007 3814 Potin
1035 3773 1065 3812 ee
1092 3759 1130 3816 ut.
1167 3753 1276 3815 Deinde
1301 3751 1363 3818 eice.
1403 3759 1476 3828 Quid
1503 3759 1532 3822 id
1559 3770 1602 3820 est

307 3847 515 3921 Astaphilitium
541 3847 669 3904 Bcthiue:
715 3845 749 3904 V.
770 3843 805 3902 D.
832 3843 900 3914 quid
927 3845 1103 3916 aecapilitium
1130 3851 1190 3918 eet,
1225 3847 1256 3906 P.
1283 3846 1349 3915 quid
1378 3852 1421 3904 eet
1449 3850 1601 3922 Aecaphili-

308 3942 386 3996 tium.
439 3939 500 3996 888.
519 3935 553 3996 V.
571 3936 605 3996 D.
625 3935 677 3992 eibi
696 3948 723 4005 p.
741 3933 793 3989 tibi
820 3961 853 3974 -·
881 3932 963 4003 legen
981 3950 1009 4004 p.
1027 3933 1087 4006 eho,
1104 3934 1135 3993 P.
1155 3951 1235 4005 egon.
1272 3932 1378 3991 Deinde
1396 3936 1475 3996 codd.
1494 3953 1600 3995 omues:

310 4033 393 4098 atque
419 4041 454 4081 ne
481 4026 528 4081 icti
554 4025 644 4082 etiam.
689 4021 790 4091 Scripsi
822 4035 892 4076 anne
918 4021 997 4077 istice
1026 4023 1116 4081 etiam.
1179 4023 1241 4081 888.
1259 4022 1293 4080 V.
1321 4025 1439 4082 archano
1466 4041 1493 4095 p.
1521 4026 1557 4104 ad
1574 4031 1602 4081 te

308 4116 388 4181 hauc,
415 4113 449 4171 D.
476 4113 513 4169 cd
539 4112 619 4182 hanc,
646 4111 677 4171 P.
703 4116 748 4166 est
773 4110 852 4168 hanc.
880 4107 960 4167 codd.
979 4109 1080 4164 minam
1098 4109 1164 4170 sero.
1193 4110 1237 4169 .V.
1254 4111 1288 4169 D.
1317 4113 1340 4167 ei
1367 4113 1431 4169 mihi
1458 4113 1601 4186 rideepice,

309 4203 341 4263 P.
371 4203 395 4259 ei
424 4199 490 4256 mihi
520 4199 604 4256 rides.
655 4199 814 4255 Acidalius:
851 4195 908 4252 fero
938 4197 1044 4253 minem'
1070 4200 1142 4254 auri:
1179 4199 1232 4256 nisi
1267 4199 1304 4254 mi
1334 4201 1432 4273 credis,
1466 4200 1599 4258 Muretus:

308 4291 423 4361 respice.
477 4290 538 4348 889.
555 4287 587 4348 Ρ.
605 4293 747 4345 vetant-
760 4286 888 4343 habeant.
924 4285 959 4344 V.
978 4301 1049 4356 pane
1067 4303 1095 4358 p.
1113 4302 1206 4359 penes.
1260 4287 1322 4346 899.
1341 4293 1433 4346 autem
1451 4291 1531 4346 matri
1549 4291 1600 4346 Bc·

308 4380 397 4437 thius:
416 4377 496 4438 codd.
513 4379 594 4435 matri
612 4381 712 4436 autem.
749 4375 809 4434 891.
819 4375 854 4432 V.
873 4377 947 4430 attat
964 4374 1055 4446 abeat,
1083 4376 1118 4435 D.
1136 4377 1167 4434 P.
1187 4379 1279 4432 actute
1295 4375 1404 4438 habeat.
1423 4375 1528 4446 Scripsi
1546 4394 1600 4434 am-

308 4469 411 4539 pullam
439 4470 471 4522 ut
496 4465 605 4525 habeat.
659 4465 719 4523 892.
738 4466 773 4524 V.
792 4471 875 4533 opust
893 4467 962 4536 ione,
989 4465 1023 4523 D.
1041 4471 1123 4536 opust
1141 4465 1205 4522 istic
1222 4482 1286 4532 non,
1312 4466 1343 4525 P.
1370 4481 1439 4535 opus
1456 4467 1520 4524 istic
1537 4483 1600 4538 non,

308 4556 371 4616 cod.
390 4555 570 4624 schobingeri
587 4554 678 4626 lignis.
714 4551 782 4610 Inde
799 4552 917 4609 Bothiue
934 4567 1005 4624 opus
1023 4545 1111 4624 ligno.
1183 4555 1244 4612 893.
1263 4554 1297 4611 V.
1315 4549 1412 4624 faidis,
1435 4555 1469 4612 D.
1486 4555 1517 4614 P.
1536 4553 1600 4612 iaci·

308 4645 362 4700 iiie.
415 4644 476 4699 894
495 4642 575 4699 cedd.
594 4642 682 4698 farina
704 4657 790 4711 purus
808 4647 851 4698 eet
867 4645 956 4698 totum
975 4642 1055 4702 diem.
1109 4643 1171 4700 895.
1188 4643 1219 4702 P.
1238 4641 1379 4700 efficietur.
1433 4644 1493 4702 896.
1513 4641 1546 4702 V.
1565 4643 1599 4714 D,

307 4747 429 4802 pessum.
447 4731 527 4789 cedd.
555 4731 648 4789 etauio
675 4730 810 4790 exducier.
846 4730 950 4800 Scripsi
977 4731 1075 4789 eluvie.
1129 4733 1190 4789 897.
1208 4746 1274 4801 ergo
1302 4733 1384 4798 atque
1411 4731 1505 4802 accipe
1531 4726 1600 4788 hece

307 4817 436 4876 Bothiue:
466 4817 546 4878 cedd
565 4834 631 4892 ergo
649 4818 744 4890 accipe
761 4818 821 4877 hec.
856 4813 887 4877 P.
906 4817 1057 4876 Phrcnceic
1075 4817 1135 4876 dat:
1165 4819 1237 4886 Quid
1255 4819 1325 4876 istuc
1348 4822 1391 4876 eet
1408 4835 1435 4890 p.
1454 4823 1502 4892 qui
1520 4821 1601 4880 ictuc.

308 4904 343 4966 V.
361 4907 396 4966 D.
414 4923 449 4966 ex
465 4907 579 4968 efficias.
