3588 5464
193 300 225 371 (1,
243 303 268 370 n,
287 301 422 374 su-os)
703 298 977 356 nsuounnunus

731 592 956 658 Dmmuenus.

722 875 727 886 «
740 839 951 904 Asnnnmun.

419 939 542 1026 nnepu
564 944 783 1012 meiinsouitm
805 944 872 1012 iore
895 963 998 1027 spero,
1021 949 1052 1011 te
1075 944 1128 1010 oui
1150 943 1278 1012 videbit.

627 1143 629 1150 .
734 1085 959 1150 Dmmnonus.

196 1193 265 1256 Hoo
287 1190 378 1256 nobis
399 1191 511 1256 vitium
533 1211 716 1256 maxumum
739 1190 801 1256 est:
825 1212 896 1256 oum
919 1210 1073 1271 amamus,
1097 1190 1164 1254 tim
1186 1193 1335 1274 perimus.

197 1295 231 1360 Si
253 1295 338 1378 illue,
361 1294 447 1377 quod
469 1296 624 1377 volumus,
648 1295 771 1377 dieitur,
795 1296 904 1378 palum
926 1316 996 1361 oum
1018 1295 1219 1379 mentiuntur,

197 1402 314 1494 Verum
336 1423 407 1468 esse
429 1402 534 1467 institi
556 1401 723 1482 oredimus,
747 1400 841 1466 modo
864 1407 898 1467 ut
921 1401 1129 1467 destituamur
1150 1401 1207 1468 iro.
1439 1400 1497 1468 (90)

492 1587 496 1600 ,
742 1526 953 1592 Asnnonlum.
1031 1599 1040 1614 Ι

122 1645 179 1700 195
196 1632 280 1698 Heia
301 1631 389 1698 houd
411 1632 457 1698 ita
478 1632 528 1698 est
547 1653 609 1698 res.

736 1756 961 1821 Dmmnonus.

641 1861 703 1926 Ain
725 1866 760 1928 tu
782 1860 853 1927 etm
875 1881 926 1926 me
948 1862 1080 1927 amare?

744 1985 955 2051 Asuunmum

1154 2093 1253 2156 Immo
1276 2093 1367 2159 unies
1391 2116 1497 2161 unum.

737 2217 963 2281 Dmmnonus.

196 2321 363 2404 Peperisse
387 2319 505 2387 audivi.

743 2446 955 2510 Asnnnniou.

548 2549 600 2615 Ah
622 2549 764 2632 obsecro,
787 2553 858 2616 tuoe
880 2549 1062 2617 Diniitrohe.

712 2711 937 2777 Dmmnouus,

1161 2813 1244 2894 Quid
1266 2815 1354 2882 ium?

746 2942 957 3007 Asnnmnun.

192 3045 356 3114 'Horresco
378 3047 506 3126 misero,
528 3044 645 3108 mentio
666 3047 809 3127 quotiens
832 3047 867 3112 fit
888 3045 1056 3131 petitionis:

200 3155 250 3219 Ite
273 3173 376 3237 paene
398 3151 488 3217 nulla
511 3150 570 3216 sibi
592 3149 650 3217 fult
671 3139 888 3220 Phronesium.
912 3157 924 3218 i
946 3154 1039 3236 intro,
1063 3153 1188 3218 amabo.
1386 3147 1389 3154 '
1446 3143 1502 3214 (95)

200 3259 276 3326 Vise
297 3260 397 3341 illum,
419 3262 475 3325 ant
497 3257 656 3340 opperitur
678 3258 744 3324 hio:
768 3260 834 3325 iam
856 3259 962 3341 exibit,
985 3258 1060 3324 ntum
1080 3259 1220 3326 lavabat.

737 3420 961 3484 Dmnmcnus.

99 3609 103 3618 .
129 3578 184 3632 200
201 3548 286 3627 Quin
309 3548 358 3613 ais
380 3547 435 3612 tu‘?
458 3547 541 3628 quae
563 3567 736 3629 numquam
758 3547 818 3612 suit
839 3565 1011 3630 praegnas,
1035 3546 1089 3628 qui
1111 3547 1224 3630 ptrere
1246 3546 1371 3629 potuit?

201 3655 283 3721 Num
304 3653 351 3718 illi
374 3651 501 3736 quidem
523 3654 656 3738 interum,
680 3651 766 3736 quod
789 3651 897 3738 seium,
920 3672 1093 3736 numquam
1116 3651 1277 3720 extumere
1299 3650 1394 3718 sensi.

274 3953 335 4010 191.
353 3951 385 4009 P.
406 3949 508 4006 Volet?
545 3952 600 4004 Ast.
619 3949 759 4020 Aedepol‚
789 3950 885 4005 ceteri:
913 3950 996 4006 immo
1025 3950 1131 4020 edepol.
1148 3949 1185 4008 A.
1204 3949 1301 4004 melius
1320 3963 1394 4016 eum,
1420 3947 1505 4003 oeteri

203 4042 302 4096 melius
320 4041 383 4098 ium.
402 4038 437 4097 A
457 4037 516 4094 fore
534 4053 615 4107 spero
634 4043 662 4092 te
680 4038 729 4094 ubi
746 4039 867 4110 videret3
886 4040 982 4095 ueteri:
1002 4039 1084 4094 oredo
1104 4037 1162 4094 fore
1181 4039 1228 4094 ubi
1247 4042 1275 4092 te
1293 4036 1405 4094 videbit.
1443 4038 1504 4094 192.

203 4130 238 4187 A.
251 4132 445 4185 moxumumst.
464 4128 495 4187 P.
509 4132 584 4186 tuno.
615 4128 676 4185 193.
694 4127 761 4182 illue
779 4127 910 4200 Bothius3
930 4128 1010 4187 codd.
1029 4128 1106 4186 illud.
1125 4127 1160 4184 A.
1180 4126 1308 4184 uolimus.
1339 4125 1399 4182 194.
1417 4123 1452 4183 A.
1471 4139 1506 4179 ne

204 4222 234 4272 ut
254 4220 397 4272 ustuamur
415 4230 442 4282 p.
461 4215 543 4270 modo
562 4219 594 4268 ut
612 4215 804 4274 destituamur.
841 4216 875 4274 V.
894 4217 928 4274 D.
948 4233 984 4271 ne
1011 4222 1043 4272 ut
1069 4218 1098 4271 in
1116 4222 1179 4272 estu
1197 4221 1355 4270 mutuamur
1372 4214 1403 4270 P.
1422 4229 1457 4268 ne
1475 4217 1506 4267 ut

203 4311 293 4360 mestu
305 4307 475 4360 mutuantur.
502 4304 563 4360 195.
576 4305 632 4358 Ain
645 4308 676 4358 tu
690 4319 751 4360 eum
762 4320 807 4359 me
826 4320 918 4360 amore
937 4305 987 4364 A:
1007 4306 1040 4364 V.
1060 4307 1125 4362 enin
1138 4312 1170 4361 tu
1182 4321 1226 4361 me
1243 4305 1287 4374 (D.
1300 4307 1312 4356 t
1330 4305 1339 4372 )
1353 4306 1458 4356 amaret
1474 4302 1506 4358 P.

204 4394 249 4448 ain
262 4398 322 4447 tute
342 4407 442 4449 umore.
462 4393 522 4448 196.
543 4391 623 4448 eodd.
641 4396 750 4460 praeter
767 4391 803 4450 A.
822 4408 918 4448 omnes
936 4395 1083 4462 Peperisse
1102 4411 1162 4450 enm
1182 4394 1285 4450 oudivi.
1303 4390 1337 4447 V.
1348 4391 1382 4448 D.
1402 4405 1462 4444 eum
1480 4404 1507 4457 p.

202 4483 266 4538 inm.
292 4481 351 4538 197.
370 4479 405 4536 V.
423 4480 458 4538 D.
478 4479 577 4537 sentio.
595 4481 682 4539 Prisc.
702 4482 717 4537 1
736 4497 763 4550 p.
781 4483 843 4539 256.
862 4481 906 4540 ed.
925 4485 1022 4539 Hertz:
1041 4484 1169 4539 miserum
1186 4481 1361 4537 mentionem.
1379 4476 1414 4534 V.
1433 4474 1508 4545 quod

202 4571 237 4626 iis
256 4585 283 4638 p.
302 4569 439 4638 quotiens,
457 4567 491 4626 D.
511 4567 586 4637 quod
604 4568 666 4626 diis.
684 4569 755 4628 Non.
769 4573 822 4626 217
836 4571 920 4639 quod.
938 4570 973 4628 A.
984 4571 1029 4628 sit.
1042 4571 1076 4630 V.
1094 4572 1128 4629 D.
1147 4569 1309 4639 putationis.
1346 4567 1407 4624 198.
1420 4579 1508 4634 poene

203 4658 281 4712 nulla
291 4656 345 4713 sibi
362 4657 406 4728 A.;
426 4658 510 4711 ueteri
528 4672 616 4725 paene
633 4658 694 4716 noi.
704 4658 738 4716 V.
748 4659 985 4716 intromumabom.
1009 4660 1070 4716 199.
1081 4659 1160 4717 codd.
1172 4664 1255 4728 utque
1272 4673 1300 4725 p.
1312 4659 1368 4713 out.
1379 4654 1413 4712 A.
1425 4668 1508 4722 oppe-

204 4749 257 4802 rire
274 4746 327 4816 hio,
346 4746 429 4800 oeten·
448 4747 574 4814 opperire
592 4746 640 4804 ibi.
659 4748 690 4804 P.
709 4762 765 4802 non
783 4764 810 4816 p.
829 4764 902 4806 nom.
922 4747 1001 4806 codd.
1019 4753 1129 4815 praeter
1138 4749 1173 4806 A.
1192 4761 1287 4802 omnes
1305 4743 1419 4820 luvubit.
1447 4742 1509 4800 200.

205 4833 238 4892 V.
257 4835 332 4902 lique
350 4851 376 4902 p.
395 4839 428 4887 tu
446 4849 525 4904 quoe,
554 4835 589 4890 D.
608 4834 703 4905 liquue
732 4851 875 4905 nunquam
903 4835 1057 4904 fuitquom
1074 4852 1202 4908 prognae.
1248 4837 1310 4893 201.
1328 4832 1363 4891 A.
1383 4832 1510 4903 equidem

204 4923 244 4977 ilii
262 4929 379 4993 uterum,
404 4923 488 4978 ueteri
507 4913 762 4992 equidem'uterum
780 4924 829 4982 illi.
847 4923 881 4982 V.
899 4924 935 4982 D.
953 4923 1036 4982 seius.
1055 4923 1087 4982 P.
1105 4931 1300 4982 extumescere.

1293 5021 1311 5074 2
