<?xml version="1.0" encoding="UTF-8"?>
<!DOCTYPE html PUBLIC "-//W3C//DTD XHTML 1.0 Transitional//EN"
    "http://www.w3.org/TR/xhtml1/DTD/xhtml1-transitional.dtd">
<html xmlns="http://www.w3.org/1999/xhtml" xml:lang="en" lang="en">
 <head>
  <title>
</title>
<meta http-equiv="Content-Type" content="text/html;charset=utf-8" />
  <meta name='ocr-system' content='tesseract 3.04.00' />
  <meta name='ocr-capabilities' content='ocr_page ocr_carea ocr_par ocr_line ocrx_word'/>
</head>
<body>
  <div class='ocr_page' id='page_1' title='image "./macciplautitruc01plaugoog_0008.png"; bbox 0 0 3588 5464; ppageno 0'>
   <div class='ocr_carea' id='block_1_1' title="bbox 369 999 1144 1254">
    <p class='ocr_par' dir='ltr' id='par_1_1' title="bbox 369 999 1144 1254">
     <span class='ocr_line' id='line_1_1' title="bbox 369 999 1144 1254; baseline 0.003 -47"><span class='ocrx_word' id='word_1_1' title='bbox 369 999 374 1014; x_wconf 69' lang='grc'><em>’</em></span> <span class='ocrx_word' id='word_1_2' title='bbox 494 1245 497 1254; x_wconf 29' lang='lat'>,</span> <span class='ocrx_word' id='word_1_3' title='bbox 609 1037 1144 1209; x_wconf 75' lang='lat' dir='ltr'>Panurnuro.</span> 
     </span>
    </p>
   </div>
   <div class='ocr_carea' id='block_1_2' title="bbox 223 1409 1527 1690">
    <p class='ocr_par' dir='ltr' id='par_1_2' title="bbox 223 1409 1527 1690">
     <span class='ocr_line' id='line_1_2' title="bbox 223 1409 1527 1572; baseline 0.005 -28"><span class='ocrx_word' id='word_1_4' title='bbox 223 1409 302 1572; x_wconf 69' lang='lat' dir='ltr'>Ad</span> <span class='ocrx_word' id='word_1_5' title='bbox 332 1471 427 1545; x_wconf 88' lang='lat' dir='ltr'>hanc</span> <span class='ocrx_word' id='word_1_6' title='bbox 459 1469 671 1546; x_wconf 77' lang='lat' dir='ltr'>&#39;lluculenti</span> <span class='ocrx_word' id='word_1_7' title='bbox 708 1469 902 1546; x_wconf 86' lang='lat' dir='ltr'>editionem</span> <span class='ocrx_word' id='word_1_8' title='bbox 940 1472 1184 1547; x_wconf 90' lang='lat' dir='ltr'>adornandam</span> <span class='ocrx_word' id='word_1_9' title='bbox 1222 1471 1407 1549; x_wconf 77' lang='lat' dir='ltr'>codicibus</span> <span class='ocrx_word' id='word_1_10' title='bbox 1437 1497 1527 1550; x_wconf 91' lang='lat' dir='ltr'>usus</span> 
     </span>
     <span class='ocr_line' id='line_1_3' title="bbox 223 1584 1526 1690; baseline 0.002 -24"><span class='ocrx_word' id='word_1_11' title='bbox 223 1617 305 1667; x_wconf 88' lang='lat' dir='ltr'>sum</span> <span class='ocrx_word' id='word_1_12' title='bbox 331 1599 513 1688; x_wconf 90' lang='lat' dir='ltr'>quattuor,</span> <span class='ocrx_word' id='word_1_13' title='bbox 541 1591 802 1681; x_wconf 72' lang='lat' dir='ltr'>Ambrosiam,</span> <span class='ocrx_word' id='word_1_14' title='bbox 834 1592 958 1667; x_wconf 91' lang='lat' dir='ltr'>codice</span> <span class='ocrx_word' id='word_1_15' title='bbox 985 1584 1185 1669; x_wconf 87' lang='lat' dir='ltr'>Oame&#39;rarii</span> <span class='ocrx_word' id='word_1_16' title='bbox 1209 1594 1357 1690; x_wconf 88' lang='lat' dir='ltr'>Vetere,</span> <span class='ocrx_word' id='word_1_17' title='bbox 1389 1595 1526 1670; x_wconf 89' lang='lat' dir='ltr'>Decur-</span> 
     </span>
    </p>
   </div>
   <div class='ocr_carea' id='block_1_3' title="bbox 222 1709 1665 1813">
    <p class='ocr_par' dir='ltr' id='par_1_3' title="bbox 222 1709 1665 1813">
     <span class='ocr_line' id='line_1_4' title="bbox 222 1709 1665 1813; baseline 0.001 -25"><span class='ocrx_word' id='word_1_18' title='bbox 222 1720 298 1788; x_wconf 87' lang='lat' dir='ltr'>tato</span> <span class='ocrx_word' id='word_1_19' title='bbox 325 1721 361 1788; x_wconf 93' lang='lat' dir='ltr'>et</span> <span class='ocrx_word' id='word_1_20' title='bbox 384 1713 565 1789; x_wconf 78' lang='lat' dir='ltr'>Parisino.</span> <span class='ocrx_word' id='word_1_21' title='bbox 615 1709 686 1786; x_wconf 84' lang='lat' dir='ltr'>Ex</span> <span class='ocrx_word' id='word_1_22' title='bbox 699 1713 942 1791; x_wconf 89' lang='lat' dir='ltr'>Ambrosiano</span> <span class='ocrx_word' id='word_1_23' title='bbox 973 1717 1062 1791; x_wconf 87' lang='lat' dir='ltr'>folia</span> <span class='ocrx_word' id='word_1_24' title='bbox 1091 1716 1208 1791; x_wconf 89' lang='lat' dir='ltr'>adhuc</span> <span class='ocrx_word' id='word_1_25' title='bbox 1232 1724 1425 1813; x_wconf 84' lang='lat' dir='ltr'>supersunt</span> <span class='ocrx_word' id='word_1_26' title='bbox 1449 1741 1525 1812; x_wconf 87' lang='lat' dir='ltr'>sex,</span> <span class='ocrx_word' id='word_1_27' title='bbox 1660 1734 1665 1740; x_wconf 84' lang='grc'><strong>’</strong></span> 
     </span>
    </p>
   </div>
   <div class='ocr_carea' id='block_1_4' title="bbox 223 1835 1629 4368">
    <p class='ocr_par' dir='ltr' id='par_1_4' title="bbox 223 1835 1629 4368">
     <span class='ocr_line' id='line_1_5' title="bbox 224 1835 1527 1934; baseline 0.003 -24"><span class='ocrx_word' id='word_1_28' title='bbox 224 1859 319 1932; x_wconf 90' lang='lat' dir='ltr'>quae</span> <span class='ocrx_word' id='word_1_29' title='bbox 355 1843 490 1910; x_wconf 88' lang='lat' dir='ltr'>textum</span> <span class='ocrx_word' id='word_1_30' title='bbox 527 1835 709 1910; x_wconf 78' lang='lat' dir='ltr'>continent</span> <span class='ocrx_word' id='word_1_31' title='bbox 746 1860 768 1909; x_wconf 98' lang='lat' dir='ltr'>a</span> <span class='ocrx_word' id='word_1_32' title='bbox 801 1859 835 1909; x_wconf 83' lang='lat' dir='ltr'>u.</span> <span class='ocrx_word' id='word_1_33' title='bbox 872 1840 941 1910; x_wconf 96' lang='grc'>112</span> <span class='ocrx_word' id='word_1_34' title='bbox 971 1841 1087 1934; x_wconf 89' lang='lat' dir='ltr'>usque</span> <span class='ocrx_word' id='word_1_35' title='bbox 1125 1837 1172 1912; x_wconf 90' lang='lat' dir='ltr'>ad</span> <span class='ocrx_word' id='word_1_36' title='bbox 1208 1861 1242 1914; x_wconf 79' lang='lat' dir='ltr'>v,</span> <span class='ocrx_word' id='word_1_37' title='bbox 1271 1842 1358 1932; x_wconf 79' lang='grc'>146,</span> <span class='ocrx_word' id='word_1_38' title='bbox 1396 1837 1527 1915; x_wconf 92' lang='lat' dir='ltr'>deinde</span> 
     </span>
     <span class='ocr_line' id='line_1_6' title="bbox 224 1954 1525 2054; baseline 0.003 -23"><span class='ocrx_word' id='word_1_39' title='bbox 224 1981 248 2031; x_wconf 90' lang='lat' dir='ltr'>a</span> <span class='ocrx_word' id='word_1_40' title='bbox 272 1981 313 2033; x_wconf 85' lang='lat' dir='ltr'>v.·</span> <span class='ocrx_word' id='word_1_41' title='bbox 335 1961 405 2032; x_wconf 90' lang='lat'>180</span> <span class='ocrx_word' id='word_1_42' title='bbox 429 1979 546 2052; x_wconf 88' lang='lat' dir='ltr'>usquc</span> <span class='ocrx_word' id='word_1_43' title='bbox 572 1954 619 2030; x_wconf 91' lang='lat' dir='ltr'>ad</span> <span class='ocrx_word' id='word_1_44' title='bbox 644 1959 731 2051; x_wconf 81' lang='lat'>317,</span> <span class='ocrx_word' id='word_1_45' title='bbox 763 1955 971 2053; x_wconf 90' lang='lat' dir='ltr'>denique-a</span> <span class='ocrx_word' id='word_1_46' title='bbox 996 1984 1028 2034; x_wconf 91' lang='lat' dir='ltr'>v.</span> <span class='ocrx_word' id='word_1_47' title='bbox 1057 1963 1126 2052; x_wconf 80' lang='lat'>352</span> <span class='ocrx_word' id='word_1_48' title='bbox 1158 1981 1275 2053; x_wconf 91' lang='lat' dir='ltr'>usque</span> <span class='ocrx_word' id='word_1_49' title='bbox 1305 1958 1352 2033; x_wconf 91' lang='lat' dir='ltr'>ad</span> <span class='ocrx_word' id='word_1_50' title='bbox 1381 1983 1415 2035; x_wconf 89' lang='lat' dir='ltr'>v.</span> <span class='ocrx_word' id='word_1_51' title='bbox 1443 1962 1525 2054; x_wconf 86' lang='lat'>389,</span> 
     </span>
     <span class='ocr_line' id='line_1_7' title="bbox 223 2077 1527 2177; baseline 0.002 -24"><span class='ocrx_word' id='word_1_52' title='bbox 223 2087 265 2154; x_wconf 92' lang='lat' dir='ltr'>ut</span> <span class='ocrx_word' id='word_1_53' title='bbox 294 2078 379 2153; x_wconf 92' lang='lat' dir='ltr'>olim</span> <span class='ocrx_word' id='word_1_54' title='bbox 409 2077 570 2152; x_wconf 86' lang='lat' dir='ltr'>indicavi</span> <span class='ocrx_word' id='word_1_55' title='bbox 594 2077 633 2151; x_wconf 94' lang='lat' dir='ltr'>in</span> <span class='ocrx_word' id='word_1_56' title='bbox 657 2077 750 2152; x_wconf 89' lang='lat' dir='ltr'>libro</span> <span class='ocrx_word' id='word_1_57' title='bbox 778 2077 822 2152; x_wconf 90' lang='lat' dir='ltr'>de</span> <span class='ocrx_word' id='word_1_58' title='bbox 848 2079 973 2155; x_wconf 90' lang='lat' dir='ltr'>codice</span> <span class='ocrx_word' id='word_1_59' title='bbox 998 2080 1240 2155; x_wconf 88' lang='lat' dir='ltr'>Ambrosiano</span> <span class='ocrx_word' id='word_1_60' title='bbox 1265 2104 1301 2177; x_wconf 89' lang='lat' dir='ltr'>p.</span> <span class='ocrx_word' id='word_1_61' title='bbox 1328 2085 1386 2156; x_wconf 83' lang='grc'>27.</span> <span class='ocrx_word' id='word_1_62' title='bbox 1436 2080 1527 2156; x_wconf 91' lang='lat' dir='ltr'>Inde</span> 
     </span>
     <span class='ocr_line' id='line_1_8' title="bbox 225 2199 1526 2299; baseline 0.002 -23"><span class='ocrx_word' id='word_1_63' title='bbox 225 2224 295 2299; x_wconf 83' lang='lat' dir='ltr'>ego</span> <span class='ocrx_word' id='word_1_64' title='bbox 322 2201 452 2295; x_wconf 90' lang='lat' dir='ltr'>omnia,</span> <span class='ocrx_word' id='word_1_65' title='bbox 480 2201 589 2274; x_wconf 90' lang='lat' dir='ltr'>etiam</span> <span class='ocrx_word' id='word_1_66' title='bbox 606 2199 857 2293; x_wconf 90' lang='lat' dir='ltr'>minutissima,</span> <span class='ocrx_word' id='word_1_67' title='bbox 884 2202 1040 2279; x_wconf 86' lang='lat' dir='ltr'>enotavi.</span> <span class='ocrx_word' id='word_1_68' title='bbox 1077 2199 1248 2277; x_wconf 80' lang='lat' dir='ltr'>Codicem</span> <span class='ocrx_word' id='word_1_69' title='bbox 1265 2209 1424 2278; x_wconf 89' lang='lat' dir='ltr'>veterem</span> <span class='ocrx_word' id='word_1_70' title='bbox 1446 2225 1526 2278; x_wconf 92' lang='lat' dir='ltr'>meo</span> 
     </span>
     <span class='ocr_line' id='line_1_9' title="bbox 223 2322 1528 2421; baseline 0.001 -22"><span class='ocrx_word' id='word_1_71' title='bbox 223 2331 355 2421; x_wconf 83' lang='lat' dir='ltr'>rogatu</span> <span class='ocrx_word' id='word_1_72' title='bbox 386 2323 503 2397; x_wconf 93' lang='lat' dir='ltr'>denuo</span> <span class='ocrx_word' id='word_1_73' title='bbox 533 2328 781 2417; x_wconf 88' lang='lat' dir='ltr'>perscrutatus</span> <span class='ocrx_word' id='word_1_74' title='bbox 810 2330 866 2397; x_wconf 88' lang='lat' dir='ltr'>est</span> <span class='ocrx_word' id='word_1_75' title='bbox 897 2323 1099 2418; x_wconf 81' lang='lat' dir='ltr'>thlerus,</span> <span class='ocrx_word' id='word_1_76' title='bbox 1126 2323 1182 2396; x_wconf 89' lang='lat' dir='ltr'>vir</span> <span class='ocrx_word' id='word_1_77' title='bbox 1208 2322 1454 2420; x_wconf 89' lang='lat' dir='ltr'>doctissimus,</span> <span class='ocrx_word' id='word_1_78' title='bbox 1482 2349 1528 2400; x_wconf 85' lang='lat' dir='ltr'>cx</span> 
     </span>
     <span class='ocr_line' id='line_1_10' title="bbox 225 2443 1528 2543; baseline 0.002 -24"><span class='ocrx_word' id='word_1_79' title='bbox 225 2446 328 2521; x_wconf 90' lang='lat' dir='ltr'>cuius</span> <span class='ocrx_word' id='word_1_80' title='bbox 364 2446 482 2542; x_wconf 89' lang='lat' dir='ltr'>copiis</span> <span class='ocrx_word' id='word_1_81' title='bbox 514 2443 688 2538; x_wconf 84' lang='lat' dir='ltr'>intellexi,</span> <span class='ocrx_word' id='word_1_82' title='bbox 723 2444 831 2517; x_wconf 88' lang='lat' dir='ltr'>ctiam</span> <span class='ocrx_word' id='word_1_83' title='bbox 860 2444 900 2518; x_wconf 94' lang='lat' dir='ltr'>in</span> <span class='ocrx_word' id='word_1_84' title='bbox 930 2447 1000 2519; x_wconf 89' lang='lat' dir='ltr'>hac</span> <span class='ocrx_word' id='word_1_85' title='bbox 1031 2445 1155 2519; x_wconf 86' lang='lat' dir='ltr'>fabula</span> <span class='ocrx_word' id='word_1_86' title='bbox 1185 2443 1340 2520; x_wconf 88' lang='lat' dir='ltr'>Pareum</span> <span class='ocrx_word' id='word_1_87' title='bbox 1377 2447 1528 2543; x_wconf 82' lang='lat' dir='ltr'>diligen-</span> 
     </span>
     <span class='ocr_line' id='line_1_11' title="bbox 224 2549 1529 2664; baseline 0.001 -23"><span class='ocrx_word' id='word_1_88' title='bbox 224 2568 364 2641; x_wconf 90' lang='lat' dir='ltr'>tissime</span> <span class='ocrx_word' id='word_1_89' title='bbox 389 2574 426 2642; x_wconf 89' lang='lat' dir='ltr'>et</span> <span class='ocrx_word' id='word_1_90' title='bbox 450 2565 672 2663; x_wconf 85' lang='lat' dir='ltr'>amplissime</span> <span class='ocrx_word' id='word_1_91' title='bbox 697 2549 817 2640; x_wconf 88' lang='lat' dir='ltr'>officio</span> <span class='ocrx_word' id='word_1_92' title='bbox 836 2589 901 2641; x_wconf 90' lang='lat' dir='ltr'>suo</span> <span class='ocrx_word' id='word_1_93' title='bbox 927 2567 1088 2642; x_wconf 90' lang='lat' dir='ltr'>functum</span> <span class='ocrx_word' id='word_1_94' title='bbox 1108 2589 1206 2642; x_wconf 90' lang='lat' dir='ltr'>esse:</span> <span class='ocrx_word' id='word_1_95' title='bbox 1232 2589 1416 2664; x_wconf 87' lang='lat' dir='ltr'>perpauca</span> <span class='ocrx_word' id='word_1_96' title='bbox 1433 2568 1529 2642; x_wconf 84' lang='lat' dir='ltr'>enim</span> 
     </span>
     <span class='ocr_line' id='line_1_12' title="bbox 224 2686 1529 2786; baseline 0.002 -25"><span class='ocrx_word' id='word_1_97' title='bbox 224 2687 477 2785; x_wconf 86' lang='lat' dir='ltr'>praetermisit,</span> <span class='ocrx_word' id='word_1_98' title='bbox 515 2687 610 2762; x_wconf 92' lang='lat' dir='ltr'>unde</span> <span class='ocrx_word' id='word_1_99' title='bbox 642 2687 796 2762; x_wconf 90' lang='lat' dir='ltr'>solidum</span> <span class='ocrx_word' id='word_1_100' title='bbox 827 2689 942 2764; x_wconf 90' lang='lat' dir='ltr'>textui</span> <span class='ocrx_word' id='word_1_101' title='bbox 972 2689 1113 2764; x_wconf 91' lang='lat' dir='ltr'>lucrum</span> <span class='ocrx_word' id='word_1_102' title='bbox 1145 2689 1220 2786; x_wconf 90' lang='lat' dir='ltr'>peti</span> <span class='ocrx_word' id='word_1_103' title='bbox 1249 2696 1378 2785; x_wconf 89' lang='lat' dir='ltr'>potest.</span> <span class='ocrx_word' id='word_1_104' title='bbox 1435 2686 1529 2764; x_wconf 80' lang='lat' dir='ltr'>Con-</span> 
     </span>
     <span class='ocr_line' id='line_1_13' title="bbox 224 2808 1526 2907; baseline 0.002 -24"><span class='ocrx_word' id='word_1_105' title='bbox 224 2809 335 2884; x_wconf 86' lang='lat' dir='ltr'>sentit</span> <span class='ocrx_word' id='word_1_106' title='bbox 364 2816 484 2884; x_wconf 88' lang='lat' dir='ltr'>autem</span> <span class='ocrx_word' id='word_1_107' title='bbox 513 2809 576 2882; x_wconf 92' lang='lat' dir='ltr'>hic</span> <span class='ocrx_word' id='word_1_108' title='bbox 603 2808 717 2882; x_wconf 82' lang='lat' dir='ltr'>codex</span> <span class='ocrx_word' id='word_1_109' title='bbox 754 2809 830 2884; x_wconf 90' lang='lat' dir='ltr'>fere</span> <span class='ocrx_word' id='word_1_110' title='bbox 867 2811 1002 2907; x_wconf 89' lang='lat' dir='ltr'>ubique</span> <span class='ocrx_word' id='word_1_111' title='bbox 1038 2835 1119 2886; x_wconf 92' lang='lat' dir='ltr'>cum</span> <span class='ocrx_word' id='word_1_112' title='bbox 1156 2810 1281 2885; x_wconf 88' lang='lat' dir='ltr'>codice</span> <span class='ocrx_word' id='word_1_113' title='bbox 1317 2811 1526 2905; x_wconf 88' lang='lat' dir='ltr'>Deourtato,</span> 
     </span>
     <span class='ocr_line' id='line_1_14' title="bbox 225 2927 1528 3028; baseline 0.002 -24"><span class='ocrx_word' id='word_1_114' title='bbox 225 2932 329 3006; x_wconf 89' lang='lat' dir='ltr'>cuius</span> <span class='ocrx_word' id='word_1_115' title='bbox 354 2931 551 3028; x_wconf 83' lang='lat' dir='ltr'>imaginem</span> <span class='ocrx_word' id='word_1_116' title='bbox 571 2927 814 3006; x_wconf 88' lang='lat' dir='ltr'>Schneiderus</span> <span class='ocrx_word' id='word_1_117' title='bbox 839 2932 1109 3028; x_wconf 83' lang='lat' dir='ltr'>exprimendam</span> <span class='ocrx_word' id='word_1_118' title='bbox 1128 2933 1267 3007; x_wconf 83' lang='lat' dir='ltr'>curavit</span> <span class='ocrx_word' id='word_1_119' title='bbox 1286 2930 1528 3006; x_wconf 87' lang='lat' dir='ltr'>Vratislaviae</span> 
     </span>
     <span class='ocr_line' id='line_1_15' title="bbox 225 3051 1527 3148; baseline -0.002 -20"><span class='ocrx_word' id='word_1_120' title='bbox 225 3077 258 3128; x_wconf 86' lang='lat' dir='ltr'>a.</span> <span class='ocrx_word' id='word_1_121' title='bbox 294 3057 397 3130; x_wconf 85' lang='lat'>1834.</span> <span class='ocrx_word' id='word_1_122' title='bbox 450 3051 629 3130; x_wconf 82' lang='lat' dir='ltr'>Oodicem&#39;</span> <span class='ocrx_word' id='word_1_123' title='bbox 654 3051 875 3146; x_wconf 87' lang='lat' dir='ltr'>Parisinum,</span> <span class='ocrx_word' id='word_1_124' title='bbox 895 3052 954 3127; x_wconf 40' lang='lat' dir='ltr'>‘de</span> <span class='ocrx_word' id='word_1_125' title='bbox 986 3055 1089 3130; x_wconf 89' lang='lat' dir='ltr'>cuius</span> <span class='ocrx_word' id='word_1_126' title='bbox 1114 3053 1337 3130; x_wconf 88' lang='lat' dir='ltr'>indole-dixi</span> <span class='ocrx_word' id='word_1_127' title='bbox 1361 3052 1400 3126; x_wconf 93' lang='lat' dir='ltr'>in</span> <span class='ocrx_word' id='word_1_128' title='bbox 1425 3075 1527 3148; x_wconf 91' lang='lat' dir='ltr'>prae-</span> 
     </span>
     <span class='ocr_line' id='line_1_16' title="bbox 224 3168 1528 3273; baseline -0.002 -23"><span class='ocrx_word' id='word_1_129' title='bbox 224 3176 361 3250; x_wconf 90' lang='lat' dir='ltr'>fatione</span> <span class='ocrx_word' id='word_1_130' title='bbox 391 3174 438 3249; x_wconf 90' lang='lat' dir='ltr'>ad</span> <span class='ocrx_word' id='word_1_131' title='bbox 462 3174 663 3248; x_wconf 85' lang='lat' dir='ltr'>Trinummi</span> <span class='ocrx_word' id='word_1_132' title='bbox 694 3168 886 3249; x_wconf 90' lang='lat' dir='ltr'>editionem</span> <span class='ocrx_word' id='word_1_133' title='bbox 920 3175 1070 3252; x_wconf 89' lang='lat' dir='ltr'>alteram</span> <span class='ocrx_word' id='word_1_134' title='bbox 1102 3201 1136 3273; x_wconf 91' lang='lat' dir='ltr'>p.</span> <span class='ocrx_word' id='word_1_135' title='bbox 1164 3175 1255 3250; x_wconf 89' lang='lat' dir='ltr'>XIV</span> <span class='ocrx_word' id='word_1_136' title='bbox 1286 3181 1322 3248; x_wconf 88' lang='lat' dir='ltr'>et</span> <span class='ocrx_word' id='word_1_137' title='bbox 1350 3174 1389 3247; x_wconf 93' lang='lat' dir='ltr'>in</span> <span class='ocrx_word' id='word_1_138' title='bbox 1420 3173 1528 3248; x_wconf 91' lang='lat' dir='ltr'>adno-</span> 
     </span>
     <span class='ocr_line' id='line_1_17' title="bbox 223 3295 1525 3394; baseline -0.004 -22"><span class='ocrx_word' id='word_1_139' title='bbox 223 3297 420 3372; x_wconf 89' lang='lat' dir='ltr'>tationibus</span> <span class='ocrx_word' id='word_1_140' title='bbox 457 3320 492 3392; x_wconf 89' lang='lat' dir='ltr'>p.</span> <span class='ocrx_word' id='word_1_141' title='bbox 527 3300 613 3390; x_wconf 82' lang='lat'>122,</span> <span class='ocrx_word' id='word_1_142' title='bbox 644 3297 724 3393; x_wconf 90' lang='lat' dir='ltr'>ipse</span> <span class='ocrx_word' id='word_1_143' title='bbox 755 3296 902 3374; x_wconf 87' lang='lat' dir='ltr'>contuli.</span> <span class='ocrx_word' id='word_1_144' title='bbox 956 3297 1032 3394; x_wconf 70' lang='lat' dir='ltr'>Ex,</span> <span class='ocrx_word' id='word_1_145' title='bbox 1047 3297 1104 3372; x_wconf 88' lang='lat' dir='ltr'>his</span> <span class='ocrx_word' id='word_1_146' title='bbox 1134 3296 1238 3371; x_wconf 91' lang='lat' dir='ltr'>libris</span> <span class='ocrx_word' id='word_1_147' title='bbox 1268 3295 1389 3370; x_wconf 88' lang='lat' dir='ltr'>omnia</span> <span class='ocrx_word' id='word_1_148' title='bbox 1413 3295 1525 3386; x_wconf 90' lang='lat' dir='ltr'>attuli,</span> 
     </span>
     <span class='ocr_line' id='line_1_18' title="bbox 225 3417 1527 3515; baseline -0.005 -20"><span class='ocrx_word' id='word_1_149' title='bbox 225 3443 319 3515; x_wconf 87' lang='lat' dir='ltr'>quae</span> <span class='ocrx_word' id='word_1_150' title='bbox 344 3419 391 3493; x_wconf 88' lang='lat' dir='ltr'>ad</span> <span class='ocrx_word' id='word_1_151' title='bbox 415 3425 549 3493; x_wconf 88' lang='lat' dir='ltr'>textum</span> <span class='ocrx_word' id='word_1_152' title='bbox 575 3419 860 3504; x_wconf 89' lang='lat' dir='ltr'>constituendum</span> <span class='ocrx_word' id='word_1_153' title='bbox 886 3418 946 3492; x_wconf 85' lang='lat' dir='ltr'>vel</span> <span class='ocrx_word' id='word_1_154' title='bbox 976 3418 1023 3492; x_wconf 89' lang='lat' dir='ltr'>ad</span> <span class='ocrx_word' id='word_1_155' title='bbox 1053 3417 1211 3492; x_wconf 92' lang='lat' dir='ltr'>indolem</span> <span class='ocrx_word' id='word_1_156' title='bbox 1242 3439 1365 3492; x_wconf 90' lang='lat' dir='ltr'>eorum</span> <span class='ocrx_word' id='word_1_157' title='bbox 1390 3417 1527 3513; x_wconf 90' lang='lat' dir='ltr'>perspi-</span> 
     </span>
     <span class='ocr_line' id='line_1_19' title="bbox 225 3538 1527 3632; baseline -0.005 -16"><span class='ocrx_word' id='word_1_158' title='bbox 225 3541 390 3617; x_wconf 87' lang='lat' dir='ltr'>ciendam</span> <span class='ocrx_word' id='word_1_159' title='bbox 414 3539 547 3616; x_wconf 88' lang='lat' dir='ltr'>idonea</span> <span class='ocrx_word' id='word_1_160' title='bbox 570 3541 651 3615; x_wconf 88' lang='lat' dir='ltr'>visa</span> <span class='ocrx_word' id='word_1_161' title='bbox 681 3548 780 3616; x_wconf 88' lang='lat' dir='ltr'>sunt:</span> <span class='ocrx_word' id='word_1_162' title='bbox 815 3540 979 3614; x_wconf 88' lang='lat' dir='ltr'>consulto</span> <span class='ocrx_word' id='word_1_163' title='bbox 1005 3545 1123 3613; x_wconf 87' lang='lat' dir='ltr'>autem</span> <span class='ocrx_word' id='word_1_164' title='bbox 1150 3538 1255 3614; x_wconf 89' lang='lat' dir='ltr'>omisi</span> <span class='ocrx_word' id='word_1_165' title='bbox 1282 3560 1437 3624; x_wconf 85' lang='lat' dir='ltr'>errores,</span> <span class='ocrx_word' id='word_1_166' title='bbox 1465 3538 1527 3632; x_wconf 87' lang='lat' dir='ltr'>qui</span> 
     </span>
     <span class='ocr_line' id='line_1_20' title="bbox 224 3658 1528 3761; baseline -0.005 -23"><span class='ocrx_word' id='word_1_167' title='bbox 224 3689 271 3738; x_wconf 92' lang='lat' dir='ltr'>ex</span> <span class='ocrx_word' id='word_1_168' title='bbox 295 3688 410 3761; x_wconf 84' lang='lat' dir='ltr'>prava</span> <span class='ocrx_word' id='word_1_169' title='bbox 422 3664 642 3761; x_wconf 87' lang='lat' dir='ltr'>syllabarum</span> <span class='ocrx_word' id='word_1_170' title='bbox 663 3663 723 3737; x_wconf 85' lang='lat' dir='ltr'>vel</span> <span class='ocrx_word' id='word_1_171' title='bbox 747 3661 1006 3738; x_wconf 88' lang='lat' dir='ltr'>vocabulorum</span> <span class='ocrx_word' id='word_1_172' title='bbox 1032 3658 1259 3734; x_wconf 88' lang='lat' dir='ltr'>distinctione</span> <span class='ocrx_word' id='word_1_173' title='bbox 1284 3658 1360 3732; x_wconf 89' lang='lat' dir='ltr'>nati</span> <span class='ocrx_word' id='word_1_174' title='bbox 1385 3665 1468 3734; x_wconf 90' lang='lat' dir='ltr'>sunt</span> <span class='ocrx_word' id='word_1_175' title='bbox 1492 3665 1528 3732; x_wconf 92' lang='lat' dir='ltr'>et</span> 
     </span>
     <span class='ocr_line' id='line_1_21' title="bbox 224 3775 1629 3882; baseline -0.009 -20"><span class='ocrx_word' id='word_1_176' title='bbox 224 3788 299 3862; x_wconf 88' lang='lat' dir='ltr'>alia</span> <span class='ocrx_word' id='word_1_177' title='bbox 325 3785 512 3882; x_wconf 90' lang='lat' dir='ltr'>quaedam,</span> <span class='ocrx_word' id='word_1_178' title='bbox 540 3807 634 3880; x_wconf 85' lang='lat' dir='ltr'>quae</span> <span class='ocrx_word' id='word_1_179' title='bbox 659 3785 748 3858; x_wconf 89' lang='lat' dir='ltr'>nulli</span> <span class='ocrx_word' id='word_1_180' title='bbox 772 3783 855 3860; x_wconf 91' lang='lat' dir='ltr'>usui</span> <span class='ocrx_word' id='word_1_181' title='bbox 880 3788 971 3857; x_wconf 93' lang='lat' dir='ltr'>sunt.</span> <span class='ocrx_word' id='word_1_182' title='bbox 1432 3863 1437 3873; x_wconf 26' lang='lat'>¹</span> <span class='ocrx_word' id='word_1_183' title='bbox 1627 3775 1629 3779; x_wconf 73' lang='grc'>’</span> 
     </span>
     <span class='ocr_line' id='line_1_22' title="bbox 321 3899 1527 4008; baseline -0.007 -26"><span class='ocrx_word' id='word_1_184' title='bbox 321 3909 380 3982; x_wconf 93' lang='lat' dir='ltr'>De</span> <span class='ocrx_word' id='word_1_185' title='bbox 404 3908 571 3983; x_wconf 87' lang='lat' dir='ltr'>versibus</span> <span class='ocrx_word' id='word_1_186' title='bbox 598 3905 754 4002; x_wconf 87' lang='lat' dir='ltr'>denique</span> <span class='ocrx_word' id='word_1_187' title='bbox 779 3904 927 3979; x_wconf 91' lang='lat' dir='ltr'>comicis</span> <span class='ocrx_word' id='word_1_188' title='bbox 953 3909 989 3976; x_wconf 91' lang='lat' dir='ltr'>et</span> <span class='ocrx_word' id='word_1_189' title='bbox 1014 3902 1061 3975; x_wconf 91' lang='lat' dir='ltr'>de</span> <span class='ocrx_word' id='word_1_190' title='bbox 1084 3907 1161 3974; x_wconf 86' lang='lat' dir='ltr'>arte</span> <span class='ocrx_word' id='word_1_191' title='bbox 1177 3899 1299 3973; x_wconf 88' lang='lat' dir='ltr'>Plauti</span> <span class='ocrx_word' id='word_1_192' title='bbox 1323 3899 1413 3974; x_wconf 88' lang='lat' dir='ltr'>satis</span> <span class='ocrx_word' id='word_1_193' title='bbox 1430 3924 1453 3973; x_wconf 90' lang='lat' dir='ltr'>a</span> <span class='ocrx_word' id='word_1_194' title='bbox 1468 3924 1527 4008; x_wconf 79' lang='lat' dir='ltr'>mc</span> 
     </span>
     <span class='ocr_line' id='line_1_23' title="bbox 225 4019 1527 4128; baseline -0.007 -25"><span class='ocrx_word' id='word_1_195' title='bbox 225 4031 443 4128; x_wconf 88' lang='lat' dir='ltr'>disputatum</span> <span class='ocrx_word' id='word_1_196' title='bbox 476 4029 596 4104; x_wconf 90' lang='lat' dir='ltr'>estin</span> <span class='ocrx_word' id='word_1_197' title='bbox 627 4028 851 4125; x_wconf 82' lang='lat' dir='ltr'>praelatione</span> <span class='ocrx_word' id='word_1_198' title='bbox 877 4024 923 4098; x_wconf 84' lang='lat' dir='ltr'>ad</span> <span class='ocrx_word' id='word_1_199' title='bbox 947 4023 1195 4096; x_wconf 84' lang='lat' dir='ltr'>Trinummum</span> <span class='ocrx_word' id='word_1_200' title='bbox 1225 4027 1262 4094; x_wconf 90' lang='lat' dir='ltr'>et</span> <span class='ocrx_word' id='word_1_201' title='bbox 1280 4021 1328 4094; x_wconf 44' lang='lat' dir='ltr'>win</span> <span class='ocrx_word' id='word_1_202' title='bbox 1358 4020 1451 4094; x_wconf 90' lang='lat' dir='ltr'>libro</span> <span class='ocrx_word' id='word_1_203' title='bbox 1481 4019 1527 4094; x_wconf 92' lang='lat' dir='ltr'>de</span> 
     </span>
     <span class='ocr_line' id='line_1_24' title="bbox 224 4139 1526 4246; baseline -0.008 -21"><span class='ocrx_word' id='word_1_204' title='bbox 224 4151 477 4226; x_wconf 87' lang='lat' dir='ltr'>enunciatione</span> <span class='ocrx_word' id='word_1_205' title='bbox 514 4151 649 4225; x_wconf 88' lang='lat' dir='ltr'>latinae</span> <span class='ocrx_word' id='word_1_206' title='bbox 678 4149 827 4246; x_wconf 82' lang='lat' dir='ltr'>linguae</span> <span class='ocrx_word' id='word_1_207' title='bbox 857 4147 896 4220; x_wconf 90' lang='lat' dir='ltr'>in</span> <span class='ocrx_word' id='word_1_208' title='bbox 931 4151 1053 4219; x_wconf 89' lang='lat' dir='ltr'>vetere</span> <span class='ocrx_word' id='word_1_209' title='bbox 1085 4143 1328 4216; x_wconf 85' lang='lat' dir='ltr'>Romanorum</span> <span class='ocrx_word' id='word_1_210' title='bbox 1366 4139 1526 4215; x_wconf 86' lang='lat' dir='ltr'>dramate</span> 
     </span>
     <span class='ocr_line' id='line_1_25' title="bbox 224 4262 1327 4368; baseline -0.011 -20"><span class='ocrx_word' id='word_1_211' title='bbox 224 4297 294 4348; x_wconf 91' lang='lat' dir='ltr'>nee</span> <span class='ocrx_word' id='word_1_212' title='bbox 319 4271 514 4368; x_wconf 86' lang='lat' dir='ltr'>quidquam</span> <span class='ocrx_word' id='word_1_213' title='bbox 538 4272 666 4365; x_wconf 84' lang='lat' dir='ltr'>habeo,</span> <span class='ocrx_word' id='word_1_214' title='bbox 695 4268 793 4365; x_wconf 92' lang='lat' dir='ltr'>quod</span> <span class='ocrx_word' id='word_1_215' title='bbox 818 4266 1018 4341; x_wconf 92' lang='lat' dir='ltr'>addendum</span> <span class='ocrx_word' id='word_1_216' title='bbox 1050 4287 1131 4339; x_wconf 90' lang='lat' dir='ltr'>csse</span> <span class='ocrx_word' id='word_1_217' title='bbox 1154 4262 1327 4338; x_wconf 89' lang='lat' dir='ltr'>videatur.</span> 
     </span>
    </p>
   </div>
   <div class='ocr_carea' id='block_1_5' title="bbox 323 4435 1300 4565">
    <p class='ocr_par' dir='ltr' id='par_1_5' title="bbox 323 4435 1300 4565">
     <span class='ocr_line' id='line_1_26' title="bbox 323 4435 1300 4565; baseline -0.004 -23"><span class='ocrx_word' id='word_1_218' title='bbox 323 4435 460 4565; x_wconf 75' lang='lat' dir='ltr'>Scripsi</span> <span class='ocrx_word' id='word_1_219' title='bbox 485 4466 647 4541; x_wconf 73' lang='lat' dir='ltr'>neroum</span> <span class='ocrx_word' id='word_1_220' title='bbox 672 4490 717 4543; x_wconf 84' lang='lat' dir='ltr'>m.</span> <span class='ocrx_word' id='word_1_221' title='bbox 744 4463 918 4542; x_wconf 67' lang='lat' dir='ltr'>reama.</span> <span class='ocrx_word' id='word_1_222' title='bbox 945 4458 1300 4541; x_wconf 78' lang='lat' dir='ltr'>aunooonxru.</span> 
     </span>
    </p>
   </div>
   <div class='ocr_carea' id='block_1_6' title="bbox 0 0 1801 5464">
    <p class='ocr_par' dir='ltr' id='par_1_6' title="bbox 0 0 1801 5464">
     <span class='ocr_line' id='line_1_27' title="bbox 0 0 1801 5464; baseline 0 0"><span class='ocrx_word' id='word_1_223' title='bbox 0 0 1801 5464; x_wconf 95' lang='lat' dir='ltr'> </span> 
     </span>
    </p>
   </div>
  </div>
 </body>
</html>
