3588 5464
870 293 1007 352 rmum
1368 299 1414 370 (u,
1432 301 1458 371 4,
1478 299 1598 384 aa-ra

784 634 787 645 .
834 585 1057 652 Burmannus.
1413 635 1415 640 -

887 768 889 773 ¹
1004 692 1076 758 uon
1097 692 1152 774 pol
1174 691 1250 756 mihi
1273 692 1409 774 quidem.

492 793 608 857 Verum
631 791 804 874 tempestas
826 796 953 860 memini
976 797 1135 878 qudmiam
1152 798 1232 874 dum
1255 798 1323 880 fuit,

495 897 576 962 Tum
598 881 678 963 inter
700 919 759 964 nos
782 899 987 966 sordebamus
1011 903 1091 968 alter
1114 903 1154 967 de
1177 902 1286 968 altero.
1540 898 1594 967 (30)

494 1002 558 1068 Sed
580 1003 665 1085 quod
687 1024 747 1086 ego
770 1003 894 1070 facinus
918 1005 1026 1072 audivi
1050 997 1342 1090 adveniens‘tudm,

493 1107 586 1186 Quod
608 1114 642 1174 tu
664 1101 787 1175 hio'me
809 1110 941 1178 absente
963 1113 1037 1178 novi
1060 1114 1166 1196 negoti
1188 1115 1350 1196 gesseris?

826 1271 1059 1338 Puuennsmu.

492 1389 577 1467 Quid
598 1389 632 1455 id
655 1389 725 1456 est?

776 1538 779 1543 ’
834 1552 1057 1619 Dmmnouns.

780 1679 995 1746 Primumdum
1017 1701 1089 1748 eum
1110 1687 1145 1747 tu
1168 1703 1202 1749 es
1225 1683 1318 1760 aista
1340 1684 1458 1765 liberis,

426 1845 430 1852 .
492 1783 633 1864 Cumque
656 1783 735 1850 bene
759 1787 931 1869 prevenisti
955 1787 1057 1870 salva,
1080 1787 1215 1870 gauded.

825 1947 1058 2012 Pnnonusmm

494 2064 663 2131 Concedite
685 2066 759 2133 hine
781 2087 839 2132 vos
860 2068 942 2132 intro
966 2073 1060 2148 atque
1084 2068 1203 2150 operite
1226 2070 1349 2135 ostium.
1537 2062 1593 2128 (35)

492 2171 541 2235 Tu
563 2191 647 2237 nune
670 2171 830 2255 superstes
853 2172 940 2238 solus
964 2171 1100 2237 sermoni
1123 2193 1157 2238 es
1180 2175 1259 2240 med.

491 2277 563 2341 Tibi
585 2298 657 2342 mea
679 2278 812 2343 oonsilia
835 2297 959 2360 semper
981 2279 1104 2343 stimma
1127 2280 1257 2345 credidi.

492 2383 647 2464 Equidem
669 2403 771 2465 neque
793 2381 902 2466 peperi
925 2403 1058 2466 puerum
1080 2385 1182 2467 neque
1205 2406 1366 2469 praegnas
1388 2385 1443 2463 fui,

492 2488 609 2554 Verum
631 2487 843 2555 adsimula'usse
866 2507 916 2554 me
939 2507 1009 2555 esse
1032 2489 1241 2573 praegnatem
1263 2490 1350 2556 haud
1370 2488 1462 2572 negd.

835 2648 1057 2714 Drmsnenns.

493 2751 703 2837 Quapropter,
727 2754 746 2820 ὁ
769 2773 841 2821 mea
863 2753 953 2819 vita‘?

827 2914 1060 2981 Punounsruu.

1003 3037 1135 3118 Prdpter
1157 3035 1287 3100 militem

490 3137 766 3222 Babyloniensem,
790 3140 843 3220 qui
866 3141 959 3222 quasi
981 3141 1110 3206 uxorem
1132 3142 1193 3207 sibi

491 3245 542 3308 Me
564 3244 703 3311 habebat
726 3245 844 3311 annum
866 3245 941 3311 dum
963 3244 1015 3310 hie
1038 3245 1105 3312 fnit.

830 3405 1055 3471 Drumnorsus.

1127 3529 1196 3610 Dgo
1220 3529 1391 3595 senseram.

492 3629 555 3696 Sed
579 3629 654 3712 quid
675 3631 780 3697 istun?
803 3633 876 3712 quoi
899 3630 944 3696 rei
966 3631 1001 3695 id
1021 3636 1052 3697 te
1076 3633 1268 3701 adsimulare
1290 3636 1428 3702 rettulit?

363 3927 424 3984 379.
443 3926 478 3984 A.
497 3929 647 3995 tempestas
674 3925 812 3995 quondam
840 3926 905 3981 dnm
932 3927 1016 3982 uiuim
1036 3927 1094 3988 fuit.
1105 3930 1197 3986 ,aeteri
1216 3935 1363 3999 tempestas
1381 3930 1489 3984 memini
1508 3946 1591 4000 quon-

291 4015 355 4070 dam
373 4015 433 4072 tuit.
469 4015 531 4072 380.
548 4015 619 4070 Tum
638 4047 670 4056 -
691 4013 870 4071 sordebamus
888 4015 936 4085 A.;
955 4018 1037 4071 aeteri
1056 4033 1116 4072 eum
1137 4050 1170 4059 -
1189 4019 1367 4077 sorderemus.
1397 4017 1505 4072 Deinde
1523 4020 1591 4074 alter

292 4105 326 4160 de
344 4104 430 4160 altero
449 4104 500 4174 A.;
517 4103 601 4157 ceteri
619 4103 706 4160 alteri.
761 4104 822 4160 381.
846 4102 921 4171 quod
939 4104 986 4175 A.;
1005 4108 1089 4165 eeteri
1113 4107 1187 4176 quid.
1207 4107 1242 4166 A.
1262 4107 1383 4164 adudiui.
1429 4109 1490 4166 382.
1510 4106 1590 4165 eodd.

290 4198 400 4262 praeter
417 4193 452 4250 A.
471 4205 566 4246 omnes
584 4190 698 4246 absente
716 4207 767 4249 me.
786 4192 820 4248 V.
838 4190 872 4248 D.
892 4192 1019 4259 negotiis.
1038 4211 1064 4252 v.
1083 4196 1136 4250 383
1154 4196 1271 4250 necessit
1288 4212 1321 4251 ex
1339 4195 1375 4253 A.
1426 4196 1487 4254 384.
1506 4195 1540 4253 V.
1558 4197 1588 4253 Ρ.

290 4280 458 4351 praeuenisti
477 4280 511 4336 D.
529 4279 659 4348 pneuisti.
678 4279 708 4337 P.
728 4293 802 4337 sane.
821 4297 847 4336 v.
867 4279 1001 4334 385-86
1021 4287 1197 4338 secesserunt
1214 4297 1249 4337 ex
1266 4283 1316 4351 A..
1335 4285 1382 4353 qui
1400 4299 1426 4342 v.
1445 4283 1497 4336 385
1515 4283 1590 4339 exhi·

290 4371 339 4427 bet
356 4367 451 4437 operit,
469 4384 496 4425 v.
515 4369 568 4422 386
586 4382 647 4422 meo
665 4372 716 4425 est.
764 4369 825 4426 387.
844 4381 951 4435 semper
969 4383 1074 4426 summa
1091 4371 1138 4441 A.;
1167 4371 1249 4425 aeteri
1278 4386 1384 4426 summo
1402 4385 1517 4440 semper,
1536 4370 1590 4426 nisi

291 4459 366 4529 quod
383 4457 417 4514 V.
436 4456 471 4512 D.
491 4472 618 4512 summas.
636 4455 723 4510 Iidem
742 4455 838 4513 crebri.
887 4456 947 4513 388.
967 4471 1056 4524 neque
1076 4489 1108 4498 -
1128 4472 1218 4525 neque
1237 4460 1285 4529 A.;
1304 4458 1388 4514 aeteri
1407 4471 1458 4512 nee
1476 4489 1510 4502 -
1529 4474 1588 4527 neo,

290 4547 345 4602 nisi
371 4545 446 4614 quod
463 4542 497 4602 V.
516 4561 580 4599 nam
597 4559 625 4612 p.
652 4545 795 4612 posteriori
823 4559 881 4603 nee.
918 4546 1062 4600 Praeterea
1080 4545 1113 4603 V.
1141 4548 1257 4617 perpeti,
1285 4547 1318 4604 V.
1337 4546 1371 4604 D.
1389 4561 1531 4616 prognem,
1558 4547 1588 4603 P.

290 4648 453 4703 praegnans.
491 4632 553 4690 389.
571 4632 750 4688 adsimulasse
768 4634 816 4704 A.;
834 4633 917 4687 oeteri
936 4633 1107 4690 adsimulaui.
1126 4632 1160 4691 V.
1179 4633 1213 4690 D.
1232 4634 1286 4688 isse
1304 4649 1331 4702 p.
1350 4649 1419 4692 esse.
1446 4635 1589 4690 Postremo

291 4737 362 4792 nego
381 4723 429 4792 A.;
457 4721 541 4777 ueteri
561 4735 622 4789 ego.
677 4721 738 4778 390.
756 4719 790 4778 V.
810 4721 843 4778 D.
872 4725 1062 4790 quodpropter.
1081 4720 1116 4778 D.
1135 4721 1165 4778 P.
1184 4737 1264 4778 emm.
1283 4737 1308 4778 o.
1327 4722 1361 4778 D.
1379 4737 1475 4794 ‘meam
1494 4722 1588 4779 uitam.

290 4811 351 4868 391.
371 4809 404 4869 V.
422 4810 457 4867 D.
476 4807 706 4864 Babilouieusem.
760 4809 821 4866 392.
840 4823 940 4864 aunum
959 4809 1087 4864 Bothius:
1115 4808 1149 4866 V.
1168 4807 1203 4866 D.
1231 4824 1349 4864 annuum
1367 4810 1398 4868 P.
1427 4824 1500 4865 anuo
1524 4823 1587 4866 uno.

290 4897 351 4956 393.
369 4897 404 4957 D.
423 4895 480 4954 Sed
498 4896 565 4968 qnid
583 4897 646 4954 istie
663 4897 693 4956 P.
713 4894 769 4952 Sed
787 4895 855 4954 istie.
872 4896 907 4954 D.
926 4898 991 4954 item
1008 4911 1035 4966 p.
1053 4897 1082 4952 id
1100 4901 1129 4974 tq
1146 4895 1180 4956 V.
1198 4897 1229 4956 P.
1248 4911 1327 4956 omm
1347 4897 1384 4956 id.
