3588 5464
294 295 338 370 62
871 283 1008 348 innunl
1346 287 1406 368 (lv,
1423 296 1450 369 4,
1468 289 1584 370 81-34)

293 460 446 528 Triduom
467 457 528 526 hee
549 457 671 536 saltem,
693 454 768 526 dum
790 459 881 526 mdes
904 459 1011 540 aliquo
1033 441 1283 545 eireumdueitdr,

293 568 330 633 In
353 589 423 634 eam
445 567 614 633 remoram:
639 566 666 632 ei
688 564 764 650 quid
785 563 919 647 habebo,
945 565 1002 633 tihi
1024 583 1148 646 queque
1170 566 1266 632 etiam
1288 569 1438 651 proderit.

294 673 328 740 Si
350 671 457 740 aufers
479 674 622 756 pienum,
644 691 665 736 a
687 671 785 738 milite
807 669 908 738 dmnie
931 669 1008 736 mihi
1030 690 1104 757 epee
1127 677 1193 740 tum
1216 672 1354 740 inimnm
1377 673 1543 746 efflavent.

827 830 1050 896 Dinnnnenns.

225 960 278 1016 865
295 956 429 1021 Paetum
450 951 552 1036 edpio,
576 973 650 1020 nam
672 953 763 1020 aliter
786 951 902 1038 ficere,
926 955 953 1022 ei
976 955 1081 1038 velim,
1103 975 1166 1022 non
1189 960 1238 1022 eei
1259 930 1356 1026 lenis.

295 1060 386 1146 Nune
408 1079 505 1142 puero
528 1060 616 1126 itere
638 1066 670 1125 et
690 1061 836 1144 prendre,
859 1060 935 1144 quia
956 1059 1041 1128 unde
1063 1061 1220 1146 66666666,
1244 1061 1354 1130 hahes.
1535 1055 1591 1126 (25)

825 1220 1059 1288 Pnnonnewn.

295 1341 428 1411 Multum
449 1341 522 1410 6666
543 1348 575 1410 te
597 1339 637 1408 ob
660 1361 727 1408 rem
748 1341 842 1408 istem
865 1342 997 1410 eedetor.
1043 1343 1096 1409 ubi
1118 1340 1204 1410 demi
1225 1348 1346 1410 metues
1368 1343 1496 1426 malim.

294 1450 408 1534 Fugite
430 1447 493 1515 hue
515 1447 557 1515 nd
580 1468 644 1515 me:
669 1449 783 1515 saltem
805 1451 926 1515 eminus
948 1448 1024 1513 mihi
1046 1454 1114 1516 esto
1137 1449 1375 1532 mdnipularide.

834 1609 1059 1675 Dinnnneflue

294 1715 381 1783 Bene
402 1713 485 1796 vele,
506 1712 721 1782 Phreneeidm.

826 1858 1059 1942 Pnnonnenun.
1076 1852 1085 1940 ζ

763 1979 835 2046 Jam
858 2000 908 2046 me
929 1987 1016 2051 tuem
1037 1980 1162 2048 nenium
1184 2000 1247 2047 non
1269 1977 1388 2048 voede‘?

832 2140 1055 2206 Dnnnnncnne

226 2281 280 2336 870
297 2260 336 2331 Id
359 2281 482 2347 quoque
504 2256 660 2327 interdum
682 2255 798 2328 furtive
821 2281 934 2328 nomen
957 2263 1258 2330 edmmemerabitdt.

831 2420 1062 2490 Pnnonnswn.

298 2527 381 2593 Num
403 2525 480 2608 quid
500 2527 572 2592 vis?

832 2683 1055 2757 Dmnncnes.
1322 2756 1324 2763 ,

619 2785 686 2856 Fae
707 2789 827 2858 valeas.
873 2790 991 2875 dperae
1012 2793 1055 2860 mi
1077 2790 1130 2861 ubi
1152 2790 1219 2874 erit,
1243 2789 1286 2860 dd
1307 2795 1340 2859 te
1361 2793 1487 2858 venere.
1538 2784 1595 2855 (30)

829 2950 1062 3017 Pflnonnemn.

297 3056 356 3124 Ille
377 3053 505 3141 quidem
526 3055 601 3122 hine
623 3053 710 3137 abiit,
732 3053 901 3122 abscessit:
926 3055 1031 3124 dieere
1053 3057 1104 3124 hie
1128 3055 1254 3142 quidvis
1276 3055 1361 3124 lieet.

299 3163 415 3230 Verum
437 3167 486 3228 eet
507 3161 646 3242 verbum,
669 3159 754 3244 quod
777 3162 980 3229 memoritur:
1004 3163 1056 3230 ubi
1079 3165 1182 3247 amiei,
1205 3163 1321 3230 ibidem
1344 3166 1418 3228 eunt
1439 3163 1526 3248 opes.

78 3309 84 3318 .
182 3329 186 3346 ,
298 3269 432 3352 Propter
451 3265 536 3334 hdne
556 3286 631 3351 epee
653 3266 748 3332 etiam
771 3274 829 3350 eet,
851 3266 946 3333 hedie
969 3266 1134 3335 detonsum
1155 3269 1194 3334 iri
1216 3269 1356 3352 militem,

229 3378 282 3435 866
299 3373 400 3454 Quem
415 3392 476 3456 ego
492 3372 619 3440 6666666·
628 3393 722 3456 mage
736 3392 808 3438 emo
824 3372 920 3455 quiem
935 3392 996 3455 me,
1013 3372 1088 3439 dum
1103 3372 1148 3456 id,
1169 3374 1254 3457 qued
1268 3375 1370 3458 edpio,
1385 3374 1458 3444 inde
1473 3375 1593 3444 auferd.

370 3671 432 3731 868.
450 3669 528 3727 milen
546 3667 639 3739 aliquo
656 3665 785 3726 Bothiue:
808 3665 888 3740 6666.
907 3667 999 3740 aliquo
1018 3665 1105 3742 miles,
1128 3668 1183 3728 niei
1201 3669 1276 3743 quod
1293 3669 1327 3732 V.
1346 3671 1380 3732 D.
1400 3671 1479 3733 milis.
1533 3673 1594 3734 863.

300 3762 335 3822 V.
353 3760 387 3821 D.
405 3762 434 3817 in
452 3777 514 3817 eam
531 3775 596 3830 rem,
623 3759 655 3818 P.
673 3760 702 3814 in
720 3775 755 3816 ee
771 3775 809 3819 re.
837 3759 940 3831 Scripsi
962 3761 991 3814 in
1009 3776 1068 3816 eam
1086 3775 1226 3819 remoram.
1281 3761 1342 3819 864.
1361 3761 1453 3819 aufere
1470 3761 1594 3818 Bothiue:

302 3850 382 3909 eodd.
400 3847 515 3907 auferes.
552 3847 661 3903 Deinde
678 3847 757 3906 eodd.
776 3863 870 3904 omnes
897 3853 956 3904 tum
984 3849 1049 3905 mihi
1078 3864 1152 3918 epee.
1188 3847 1315 3920 Denique
1333 3849 1367 3910 V.
1385 3850 1420 3909 D.
1440 3851 1538 3922 anime,
1564 3849 1595 3908 P.

302 3937 402 3995 animo.
457 3937 516 3996 865.
535 3937 570 3996 V.
589 3936 623 3995 D.
643 3951 715 4006 rep.
734 3935 819 4006 aliter,
837 3937 867 3995 P.
886 3952 930 3996 ne.
985 3937 1045 4013 866.
1064 3937 1144 3995 6666.
1163 3938 1271 4006 quando
1289 3953 1316 4006 p.
1335 3938 1400 4008 quie
1417 3939 1497 3996 unde.
1534 3939 1595 3996 866.

302 4041 364 4082 nme
382 4025 509 4080 Bethiue:
527 4025 608 4083 6666.
626 4024 733 4082 amabe.
769 4023 876 4080 Deinde
895 4023 976 4082 eodd.
994 4025 1076 4080 istem
1095 4040 1152 4080 rem
1170 4030 1317 4082 meenstor:
1346 4025 1462 4082 Bothiue
1479 4031 1594 4084 ecastor.

301 4114 363 4172 868.
381 4112 460 4171 cond
478 4128 587 4169 omnes:
606 4112 818 4170 menubinerine.
847 4112 951 4182 Scripsi
968 4113 1173 4184 manipularius,
1191 4111 1249 4170 eeil.
1267 4115 1398 4184 vulgaris.
1443 4114 1504 4170 869.
1515 4113 1595 4171 6666.

302 4217 383 4259 emm.
412 4216 463 4258 me.
482 4202 516 4259 V.
534 4202 568 4260 D.
587 4206 646 4255 tum
664 4218 690 4270 p.
709 4205 793 4258 tuom.
829 4199 910 4258 6666.
929 4216 1009 4258 emm.
1028 4217 1091 4259 non.
1146 4201 1206 4259 870.
1233 4203 1314 4261 codd.
1341 4202 1451 4259 interim
1478 4200 1595 4257 futatim.

302 4288 405 4362 Scripsi
421 4288 558 4346 interdum
576 4288 686 4348 furtive.
722 4288 757 4347 V.
776 4289 990 4358 6666666ηυὶ666,
1017 4287 1051 4347 D.
1070 4289 1331 4361 eemmemornbiter,
1357 4291 1388 4350 P.
1406 4304 1595 4347 commemorn-

301 4379 384 4437 viter.
437 4376 498 4434 871.
516 4377 572 4433 Pae
588 4377 684 4437 veieae
701 4374 908 4444 Ritterehueiue‚
936 4376 1070 4434 Menreine
1088 4381 1118 4432 et
1134 4376 1290 4434 Aeidnliuez
1318 4379 1398 4437 6666.
1417 4376 1596 4433 feeultnn.n1i

303 4466 350 4526 nbi
377 4464 507 4524 Bothiue:
535 4464 615 4523 codd.
642 4465 690 4522 ubi
717 4462 790 4520 mihi.
845 4465 906 4520 872.
931 4466 961 4522 P.
980 4479 1033 4525 em.
1051 4464 1123 4524 hinc.
1142 4464 1176 4524 V.
1195 4468 1321 4537 66666666,
1348 4467 1382 4523 D.
1409 4466 1440 4523 P.
1468 4465 1597 4521 aeeesnin

303 4553 384 4612 eodd.
402 4555 446 4611 hie
465 4554 527 4624 quie
543 4552 680 4610 uidelicet.
716 4549 718 4554 '
744 4553 806 4610 873.
824 4551 859 4610 V.
879 4552 1062 4612 emieibildem
1080 4569 1159 4622 epue.
1195 4552 1228 4611 D.
1247 4555 1278 4613 P.
1297 4555 1377 4610 nmiei
1396 4553 1497 4609 ibidem
1518 4567 1597 4622 opue

303 4644 383 4700 Pius:
410 4642 511 4699 ibidem
529 4645 595 4696 eunt
616 4656 692 4710 opes.
746 4640 808 4698 874.
827 4640 861 4698 V.
880 4640 914 4698 D.
934 4655 964 4696 ee
982 4657 1008 4710 p.
1027 4646 1078 4712 eet,
1105 4642 1179 4711 quod
1196 4642 1226 4700 P.
1246 4657 1299 4702 om.
1334 4640 1442 4696 Deinde
1459 4643 1494 4698 D.
1513 4641 1597 4710 gemi-

305 4737 365 4790 net:
385 4747 416 4788 ee
433 4731 522 4788 hodie.
558 4728 684 4798 Denique
703 4725 736 4785 V.
755 4727 790 4786 D.
808 4731 915 4784 tantum
933 4730 1067 4799 rimlitem,
1094 4730 1125 4789 P.
1143 4733 1248 4787 tentum
1266 4729 1384 4788 militem.
1422 4729 1525 4800 Seripei
1551 4729 1597 4784 de

304 4824 417 4885 tonsum
433 4819 466 4874 iri
484 4818 603 4875 militem.
659 4815 720 4873 875.
738 4816 773 4874 D.
791 4815 822 4874 P.
841 4831 922 4876 emm.
940 4831 1001 4888 ego.
1038 4816 1072 4876 V.
1091 4817 1125 4875 D.
1143 4833 1212 4875 eme.
1248 4819 1282 4876 D.
1300 4817 1404 4874 dudum
1421 4835 1449 4888 p.
1467 4817 1540 4888 dum,
1567 4817 1598 4874 P.

306 4921 387 4978 quem
415 4905 516 4961 dudum
536 4906 573 4965 id.
609 4904 643 4962 V.
663 4903 782 4962 nnierue.
819 4903 854 4964 D.
873 4905 903 4963 P.
922 4904 1037 4966 anferre.
1095 4903 1105 4924 ⁸
