3588 5464
12 269 13 350 j
63 377 67 382 .
191 279 272 350 (ua,
289 281 409 346 oo-ror
663 283 940 344 paucorumne.

738 471 949 536 Aurarmuru
973 533 978 546 ,

563 577 612 642 Ea
633 575 741 642 omuii
761 575 818 643 tibi
839 573 931 657 diois,
953 575 1134 657 Diuiaroho,

190 677 235 743 Et
255 683 396 744 nostrum
418 679 595 748 utiliorum
618 681 729 750 vioom.

730 805 956 872 onummus.

792 909 855 989 Qui
876 910 982 977 intuo?

739 1033 950 1100 Asuarmmu

995 1137 1160 1204 Rationem
1182 1133 1297 1202 diuam.

194 1241 278 1318 Quia
300 1242 354 1323 qui
377 1242 512 1307 aliorum
534 1245 659 1312 incusat
680 1244 789 1326 probri
811 1264 846 1311 so
868 1262 1000 1325 oumpso
1022 1240 1135 1309 iutuiri
1157 1244 1290 1324 oportet.

192 1348 242 1413 'Iu
265 1368 286 1411 a
311 1347 403 1413 uobis
426 1347 556 1432 sipions
578 1344 656 1419 nihil
676 1349 792 1416 habos:
815 1369 875 1415 uos
896 1369 1034 1433 nequam
1056 1348 1115 1414 aba
1136 1347 1201 1414 iiio
1221 1346 1386 1413 habemus.

729 1465 954 1537 Dr‘uruncnua

194 1573 223 1641 0
244 1575 444 1659 Astaphium,
468 1577 555 1646 haud
578 1581 657 1644 istoo
680 1597 731 1646 me
753 1576 848 1644 modo
870 1576 964 1644 solita
986 1597 1021 1644 ou
1045 1581 1119 1642 auto
1146 1573 1320 1657 appellare,
1440 1568 1498 1636 (60)

122 1683 176 1737 165
194 1681 259 1747 Sed
280 1680 408 1766 blande,
431 1703 504 1750 oum
524 1684 611 1767 illuo,
634 1704 718 1750 nuno
740 1683 826 1766 quod
848 1684 898 1750 ist
919 1682 1006 1766 apud
1029 1700 1097 1763 vor,
1120 1678 1207 1763 ripud
1230 1701 1281 1748 mo
1303 1680 1463 1747 haberem.

738 1805 950 1870 Aurium.

194 1911 278 1976 Dum
300 1909 388 1994 vivii,
409 1909 569 1978 hominem
589 1913 730 1978 noveris:
753 1910 806 1978 ubi
829 1911 993 1992 mortuost,
1015 1908 1172 1991 quiouoao.

194 2019 250 2101 To,
273 2017 350 2086 dum
365 2017 508 2101 vivohas,
530 2037 693 2084 uovorum.

734 2140 958 2206 narramus.

765 2245 816 2310 Au
838 2264 890 2311 me
912 2249 1068 2310 mortuom
1090 2241 1266 2310 irbitraro?

194 2468 255 2549 Qui
277 2472 383 2554 potiri,
407 2473 532 2557 amribo
555 2475 706 2558 planius?
729 2369 950 2557 qiffllhz'
963 2469 1087 2536 umitor
1109 2489 1250 2540 summus

193 2576 352 2659 Habitum,
374 2578 469 2646 istum
491 2580 534 2646 od
557 2582 694 2649 amioum
717 2581 821 2647 moris
844 2577 1055 2662 querimonias
1078 2577 1204 2643 referre.
1438 2563 1498 2635 (0⁶)

734 2704 959 2770 Drmmcuoa

117 2819 177 2874 170
195 2806 312 2872 Vostra
334 2807 439 2875 herole
461 2809 579 2876 fiotum
601 2810 715 2892 inurii,
739 2821 822 2892 quae
844 2806 1073 2890 properavistis
1095 2801 1168 2870 olim

193 2913 334 2995 Rapere:
357 2914 458 2981 otiose
480 2918 628 2998 oportuit,
653 2915 709 2982 diu
733 2921 768 2981 ut
790 2926 893 2979 essem
915 2910 1081 2979 incolumis
1104 2910 1205 2978 vobis.

737 3037 947 3102 Asrrrmuur.
984 3051 986 3059 ⁴

193 3141 326 3209 Amator
348 3143 460 3210 similis
482 3141 592 3226 oppidi
615 3141 663 3209 riui
685 3139 819 3208 hostilis.

732 3265 956 3330 Drumucrrua

858 3369 929 3447 Quo
951 3369 1137 3449 argumento
1159 3367 1231 3432 est?

693 3537 696 3546 -
739 3492 950 3558 Asmrmmr.

193 3599 434 3682 Quamprimum
456 3599 633 3684 expugnari
657 3598 763 3681 potiri
785 3602 917 3677 amator,
941 3594 1104 3677 optumum
1127 3592 1250 3658 amioao
1271 3595 1329 3657 ost.

730 3721 955 3787 Druruuouoa

193 3830 264 3912 Ego
286 3830 389 3897 fateor
410 3829 469 3898 sid
491 3830 587 3912 louge
610 3830 689 3895 altor
711 3829 760 3896 ost
782 3827 905 3894 amious
929 3825 1024 3907 itque
1047 3827 1178 3888 amator.
1439 3809 1496 3877 (⁷0)
1593 3867 1601 3880 .

242 4153 246 4159 -
266 4123 325 4177 161.
344 4123 378 4179 V.
397 4120 431 4177 D.
452 4121 524 4187 Quia
541 4137 568 4190 p.
588 4121 644 4193 qui,
662 4123 693 4177 P.
713 4119 788 4190 quid.
808 4119 868 4174 162.
889 4131 919 4172 ro
938 4101 1051 4186 oumpuo
1068 4114 1162 4185 Boiiu3
1183 4111 1213 4170 P.
1233 4129 1263 4168 uo
1281 4113 1372 4181 ipsum
1385 4108 1496 4163 intueri.

193 4211 229 4268 V.
248 4211 282 4267 D.
301 4209 421 4279 sumpsit
439 4210 560 4267 punitori.
598 4211 658 4266 163.
677 4210 708 4266 P.
727 4222 817 4278 nequo
834 4222 861 4274 p.
881 4219 1009 4271 nequam.
1028 4203 1062 4260 V.
1082 4203 1118 4260 D.
1140 4201 1301 4258 habeamus.
1338 4198 1397 4254 164.
1416 4196 1497 4251 codd.

194 4315 289 4354 omnes
308 4299 389 4354 modo
414 4298 498 4354 solita
516 4313 547 4353 ou
565 4313 617 4368 me,
640 4297 694 4352 uisi
713 4297 789 4366 quod
805 4296 841 4352 V.
861 4295 895 4351 D.
924 4296 967 4348 esi
983 4309 1010 4361 p.
1030 4307 1061 4346 ou
1088 4293 1117 4346 et
1134 4290 1215 4344 ambo
1237 4288 1337 4343 deindo
1355 4285 1497 4354 appellari.

194 4387 255 4443 165.
277 4389 308 4444 P.
327 4385 404 4444 illud.
428 4387 508 4444 oodd.
532 4403 628 4443 omues
652 4385 728 4455 quod
746 4384 821 4454 apud
843 4398 895 4438 uou
914 4395 988 4435 nuno
1006 4385 1058 4438 est.
1101 4380 1162 4434 167.
1180 4377 1215 4434 V.
1232 4376 1267 4431 D.
1286 4389 1405 4429 nouorar
1424 4371 1448 4426 ui
1469 4375 1499 4426 at

193 4492 222 4547 p.
240 4493 379 4534 noveram.
416 4479 461 4532 Di.
480 4493 524 4532 au.
562 4478 622 4531 169.
642 4475 676 4530 V.
695 4474 806 4528 habitus
825 4473 859 4528 ui.
876 4471 911 4526 D.
929 4470 961 4524 P.
980 4468 1161 4525 habiturust.
1188 4465 1268 4520 codd.
1286 4465 1379 4518 iotuuo
1398 4493 1431 4501 -
1450 4475 1497 4514 uo-

194 4566 430 4622 riusuorimouia.
450 4563 613 4625 P.doiorre.
633 4561 746 4618 luov.
765 4561 967 4615 honorarium
986 4556 1084 4612 tribuit
1100 4553 1246 4622 Astaphio.
1270 4551 1349 4608 oodd.
1368 4563 1496 4619 propera·
1553 4617 1555 4626 Ι
1618 4595 1620 4602 .

194 4653 269 4710 uitio.
308 4655 367 4710 172.
382 4655 479 4710 similis
498 4652 593 4722 oppidi
615 4655 658 4706 out
670 4649 764 4720 Both.;
784 4649 819 4705 V.
833 4647 950 4702 similest
962 4644 997 4702 D.
1011 4644 1122 4700 similist
1140 4645 1171 4699 P.
1185 4639 1291 4697 similis.
1330 4641 1389 4695 173.
1405 4643 1499 4706 poiout

194 4742 326 4813 Bothiuu3
344 4741 379 4799 V.
398 4743 432 4798 D.
452 4741 527 4812 potis
546 4745 598 4811 est,
617 4739 648 4796 P.
667 4738 763 4807 potiri.
781 4737 815 4794 V.
834 4741 915 4806 amri,
933 4737 967 4791 D.
988 4737 1063 4788 amat
1079 4747 1108 4802 p.
1127 4735 1240 4787 amator.
1260 4729 1365 4784 amioao
1383 4731 1427 4782 ost
1443 4725 1498 4782 Bo·

193 4827 281 4903 rhium
310 4829 344 4888 V.
372 4831 407 4887 D.
430 4835 475 4886 est
498 4829 587 4887 amica
610 4832 645 4884 ot.
669 4827 700 4885 P.
725 4831 769 4884 out
791 4825 903 4884 amioao.
948 4822 1008 4878 1⁷4.
1033 4816 1066 4879 P.
1084 4835 1137 4877 om.
1161 4832 1224 4890 ogo.
1252 4818 1321 4874 alter
1337 4815 1497 4874 Aoidaliur:

194 4919 271 4977 codd.
290 4919 378 4977 alitor.
