3588 5464
857 255 996 314 PLAUTI

833 546 1037 614 eunome.

289 648 434 730 Loquere
455 647 502 718 ti:
525 652 597 733 quis
619 650 696 719 dere
717 658 749 720 te
770 653 843 721 huie
865 655 997 738 puerum
1018 653 1132 724 iussit?

852 813 1017 880 Auorxeu.

1203 921 1268 987 Ero
1290 919 1390 985 maior
1411 917 1494 985 meio.

723 1095 730 1114 ¹
834 1078 1039 1147 eximeres.

219 1197 272 1258 785
290 1181 374 1262 Quid
396 1185 454 1250 tu?
476 1185 532 1252 oiur
554 1206 626 1253 eum
648 1183 821 1268 aooepisti‘?

775 1345 932 1412 Aucruur
955 1363 1099 1412 uereor.

880 1452 945 1518 Ero
967 1472 1018 1518 me
1042 1451 1189 1534 rogitavit
1211 1449 1321 1531 minor,

288 1554 371 1620 Puer
393 1560 435 1622 ut.
449 1556 615 1624 efferretur
638 1558 740 1643 eaque
763 1563 797 1623 ui
819 1557 998 1624 colorentur
1020 1558 1135 1624 omniu.

223 1765 225 1768 ,
319 1792 321 1795 ,
837 1716 1040 1801 (iruuxouxe.

288 1819 433 1903 Loquere
454 1821 504 1888 tu:
527 1821 612 1902 Quid
634 1822 795 1891 eoieorsti
817 1825 940 1906 puero?

753 1977 931 2051 “Aroreex
955 2002 1099 2050 reruni.

1000 2091 1052 2157 Ad
1075 2090 1180 2158 meam
1203 2112 1290 2159 erem
1313 2090 1420 2160 detuli.

836 2248 1039 2316 Guuuroeuu

288 2345 373 2426 Quid
395 2369 433 2415 eo
455 2350 554 2433 puero
575 2357 632 2420 tua
653 2373 709 2420 era
730 2353 827 2422 feeit?

774 2513 931 2582 Auoruux
954 2532 1099 2582 xurxxr.

888 2621 971 2687 Erae
995 2641 1086 2688 meae
1108 2622 1268 2708 extemplo
1293 2622 1389 2690 dedit.

833 2771 1037 2847 cruoreque.

289 2875 380 2960 Quoi,
404 2879 532 2962 malum,
556 2874 653 2949 e'roe‘?
674 2886 788 2953 Duaen
812 2890 888 2955 sunt
908 2887 1017 2952 istae?
1045 2887 1132 2955 Cave
1154 2893 1203 2973 tu,
1231 2891 1302 2973 nisi,
1332 2888 1417 2973 quod
1442 2893 1474 2955 ie
1499 2887 1588 2971 rogo,

221 2996 274 3054 ‘190
292 2980 444 3068 Quaeque
466 2990 605 3071 exquiro.

773 3149 931 3220 Axoxuuu
954 3170 1099 3224 reruni.

660 3255 771 3340 Meter,
793 3259 938 3340 inquam,
962 3258 1048 3328 filiae
1070 3260 1153 3328 dono
1176 3259 1272 3328 dedit.

345 3507 346 3514 ἵ
835 3395 1038 3486 Ouuureexe

286 3514 363 3586 Plus
384 3535 480 3603 quam
502 3516 621 3588 dudum
643 3521 800 3605 eloquere.

691 3695 694 3700 ’
774 3683 931 3750 Auoruur
954 3700 1099 3752 xuuxxu.
1159 3687 1173 3724 ⁸

833 3787 910 3857 Plus
931 3792 967 3857 tu
988 3787 1118 3872 rogitas.

358 4079 419 4136 784.
437 4082 518 4140 oodd.
537 4083 584 4151 qui
601 4099 629 4152 p.
649 4083 711 4154 quie
731 4115 763 4124 -
782 4083 836 4140 hue
854 4100 880 4153 qu
900 4083 971 4142 huie.
990 4083 1024 4140 V.
1043 4085 1077 4140 D.
1101 4085 1142 4139 ire
1159 4101 1186 4153 p.
1205 4100 1261 4142 eru.
1317 4083 1377 4143 785.
1400 4085 1434 4142 V.
1457 4084 1491 4141 D.
1507 4059 1584 4139 *erem

287 4183 334 4223 ero
343 4168 385 4222 uit
398 4169 494 4228 minor.
506 4169 613 4225 Phora
626 4187 669 4226 me
684 4172 794 4242 rogavit
801 4172 898 4231 minor.
939 4174 1000 4232 786.
1010 4173 1089 4229 eodd.
1100 4173 1224 4231 ferretur.
1234 4173 1269 4228 V.
1280 4172 1407 4230 omnium.
1427 4173 1486 4228 787.
1504 4173 1538 4230 V.
1548 4173 1585 4228 ad

286 4272 348 4312 meo
364 4272 395 4312 re
413 4261 559 4327 (suproeor.
578 4261 632 4328 me)
647 4258 790 4330 detuqu.
805 4261 842 4315 od
858 4276 945 4314 meum
960 4277 1015 4316 rem
1031 4261 1125 4319 detuli.
1163 4262 1223 4316 788.
1234 4262 1267 4316 V.
1283 4260 1359 4327 Quot
1381 4277 1415 4316 eo
1438 4276 1531 4329 puero,
1549 4261 1583 4316 D·

286 4344 331 4400 eui
348 4349 376 4401 te
393 4360 486 4417 puero,
514 4347 545 4405 P.
565 4346 685 4413 Quidue
703 4363 797 4416 puero.
824 4348 858 4404 V.
876 4349 911 4403 D.
931 4354 979 4404 tuo
999 4365 1046 4404 era
1070 4348 1136 4404 feeit
1155 4381 1188 4392 -
1211 4365 1280 4407 mea.
1299 4349 1333 4407 V.
1352 4349 1486 4417 exemplo.
1524 4349 1583 4405 789.

285 4433 320 4493 V.
338 4435 374 4491 D.
393 4450 455 4490 aere
473 4451 500 4504 p.
519 4451 591 4492 erae.
610 4435 690 4491 eodd.
709 4452 805 4492 omnes
825 4436 905 4493 duee.
933 4437 968 4493 V.
987 4443 1051 4494 outo
1070 4439 1131 4508 iste,
1161 4437 1196 4495 D.
1214 4441 1279 4492 ootu
1298 4435 1358 4504 nisi,
1387 4437 1417 4494 P.
1436 4451 1504 4492 ooue
1522 4437 1582 4494 nisi.

287 4523 346 4578 790.
364 4522 399 4581 V.
417 4523 451 4581 D.
480 4523 534 4580 nisi
557 4539 590 4580 eu
608 4532 636 4580 te
660 4526 774 4594 exquiro
792 4542 820 4595 p.
844 4525 976 4593 Quaeque
994 4527 1116 4595 exquiro.
1143 4526 1173 4584 P.
1192 4526 1252 4582 Nisi
1269 4541 1303 4580 ee
1321 4538 1392 4593 quae
1412 4529 1440 4578 te
1459 4525 1582 4592 exquiro.

285 4610 403 4666 Deinde:
422 4611 534 4682 inquom
553 4611 627 4668 filiae
645 4613 718 4669 dono
738 4613 816 4669 dedit
833 4612 961 4669 Bothiue:
991 4614 1070 4671 eodd.
1089 4613 1162 4669 filiae
1181 4613 1253 4669 dono
1274 4613 1354 4668 dedii
1380 4612 1502 4681 inquam,
1530 4612 1581 4667 nisi

285 4699 359 4768 quod
376 4699 411 4756 V.
429 4701 464 4758 D.
483 4703 601 4772 inquom.
657 4704 718 4760 791.
736 4702 840 4760 dudum
858 4703 971 4768 loquere
982 4700 1111 4757 Bothiur:
1131 4701 1210 4758 eodd.
1224 4701 1326 4758 dudum
1338 4699 1450 4769 inquom
1461 4701 1582 4774 loquere,

285 4787 338 4845 nisi
355 4789 429 4858 quod
447 4789 481 4848 V.
499 4790 534 4846 D.
552 4788 644 4864 inque.
