<?xml version="1.0" encoding="UTF-8"?>
<!DOCTYPE html PUBLIC "-//W3C//DTD XHTML 1.0 Transitional//EN"
    "http://www.w3.org/TR/xhtml1/DTD/xhtml1-transitional.dtd">
<html xmlns="http://www.w3.org/1999/xhtml" xml:lang="en" lang="en">
 <head>
  <title>
</title>
<meta http-equiv="Content-Type" content="text/html;charset=utf-8" />
  <meta name='ocr-system' content='tesseract 3.04.00' />
  <meta name='ocr-capabilities' content='ocr_page ocr_carea ocr_par ocr_line ocrx_word'/>
</head>
<body>
  <div class='ocr_page' id='page_1' title='image "./macciplautitruc01plaugoog_0066.png"; bbox 0 0 3588 5464; ppageno 0'>
   <div class='ocr_carea' id='block_1_1' title="bbox 191 287 972 368">
    <p class='ocr_par' dir='ltr' id='par_1_1' title="bbox 191 287 972 368">
     <span class='ocr_line' id='line_1_1' title="bbox 191 287 972 368; baseline -0.02 0"><span class='ocrx_word' id='word_1_1' title='bbox 191 290 250 368; x_wconf 75' lang='lat' dir='ltr'><strong>dv,</strong></span> <span class='ocrx_word' id='word_1_2' title='bbox 268 297 295 368; x_wconf 78' lang='lat'><strong>4.</strong></span> <span class='ocrx_word' id='word_1_3' title='bbox 313 296 427 366; x_wconf 46' lang='lat' dir='ltr'><strong>8⁴20u·</strong></span> <span class='ocrx_word' id='word_1_4' title='bbox 610 324 612 330; x_wconf 91' lang='lat'>-</span> <span class='ocrx_word' id='word_1_5' title='bbox 698 287 972 356; x_wconf 82' lang='lat' dir='ltr'><strong>nnuemnunus.</strong></span> 
     </span>
    </p>
   </div>
   <div class='ocr_carea' id='block_1_2' title="bbox 192 588 1268 801">
    <p class='ocr_par' dir='ltr' id='par_1_2' title="bbox 192 588 1268 801">
     <span class='ocr_line' id='line_1_2' title="bbox 725 588 949 654; baseline 0.004 -1"><span class='ocrx_word' id='word_1_6' title='bbox 725 588 949 654; x_wconf 81' lang='lat' dir='ltr'><strong>Dmmnunns.</strong></span> 
     </span>
     <span class='ocr_line' id='line_1_3' title="bbox 192 707 1268 801; baseline -0.001 -17"><span class='ocrx_word' id='word_1_7' title='bbox 192 717 262 784; x_wconf 82' lang='lat' dir='ltr'><strong>Nun</strong></span> <span class='ocrx_word' id='word_1_8' title='bbox 284 713 446 796; x_wconf 70' lang='lat' dir='ltr'><strong>volupiam</strong></span> <span class='ocrx_word' id='word_1_9' title='bbox 469 711 562 779; x_wconf 82' lang='lat' dir='ltr'><strong>aufer</strong></span> <span class='ocrx_word' id='word_1_10' title='bbox 583 711 695 795; x_wconf 81' lang='lat' dir='ltr'><strong>ndgas.</strong></span> <span class='ocrx_word' id='word_1_11' title='bbox 718 711 764 778; x_wconf 91' lang='lat' dir='ltr'><strong>nil</strong></span> <span class='ocrx_word' id='word_1_12' title='bbox 787 732 846 796; x_wconf 83' lang='lat' dir='ltr'><strong>ego</strong></span> <span class='ocrx_word' id='word_1_13' title='bbox 868 713 951 778; x_wconf 86' lang='lat' dir='ltr'><strong>ndnu</strong></span> <span class='ocrx_word' id='word_1_14' title='bbox 974 710 1015 780; x_wconf 88' lang='lat' dir='ltr'><strong>de</strong></span> <span class='ocrx_word' id='word_1_15' title='bbox 1037 707 1116 781; x_wconf 84' lang='lat' dir='ltr'><strong>istae</strong></span> <span class='ocrx_word' id='word_1_16' title='bbox 1139 729 1175 783; x_wconf 83' lang='lat' dir='ltr'><strong>re</strong></span> <span class='ocrx_word' id='word_1_17' title='bbox 1196 717 1268 801; x_wconf 83' lang='lat' dir='ltr'><strong>egd.</strong></span> 
     </span>
    </p>
   </div>
   <div class='ocr_carea' id='block_1_3' title="bbox 644 857 958 939">
    <p class='ocr_par' dir='ltr' id='par_1_3' title="bbox 644 857 958 939">
     <span class='ocr_line' id='line_1_4' title="bbox 644 857 958 939; baseline 0.003 -1"><span class='ocrx_word' id='word_1_18' title='bbox 644 857 646 862; x_wconf 68' lang='grc'><strong>’</strong></span> <span class='ocrx_word' id='word_1_19' title='bbox 725 873 958 939; x_wconf 81' lang='lat' dir='ltr'><strong>Pnnonnsmn.</strong></span> 
     </span>
    </p>
   </div>
   <div class='ocr_carea' id='block_1_4' title="bbox 119 991 1201 1189">
    <p class='ocr_par' dir='ltr' id='par_1_4' title="bbox 119 991 1201 1189">
     <span class='ocr_line' id='line_1_5' title="bbox 119 991 1201 1083; baseline 0.002 -17"><span class='ocrx_word' id='word_1_20' title='bbox 119 997 266 1066; x_wconf 71' lang='lat' dir='ltr'><strong>suessio</strong></span> <span class='ocrx_word' id='word_1_21' title='bbox 288 997 453 1082; x_wconf 75' lang='lat' dir='ltr'><strong>meudutnr,</strong></span> <span class='ocrx_word' id='word_1_22' title='bbox 477 991 553 1081; x_wconf 88' lang='lat' dir='ltr'><strong>quid</strong></span> <span class='ocrx_word' id='word_1_23' title='bbox 575 997 665 1080; x_wconf 82' lang='lat' dir='ltr'><strong>uelis,</strong></span> <span class='ocrx_word' id='word_1_24' title='bbox 689 996 765 1080; x_wconf 89' lang='lat' dir='ltr'><strong>quid</strong></span> <span class='ocrx_word' id='word_1_25' title='bbox 786 997 929 1080; x_wconf 81' lang='lat' dir='ltr'><strong>postules</strong></span> <span class='ocrx_word' id='word_1_26' title='bbox 951 1004 983 1064; x_wconf 85' lang='lat' dir='ltr'><strong>et</strong></span> <span class='ocrx_word' id='word_1_27' title='bbox 1005 997 1080 1082; x_wconf 88' lang='lat' dir='ltr'><strong>quid</strong></span> <span class='ocrx_word' id='word_1_28' title='bbox 1101 1001 1201 1083; x_wconf 74' lang='lat' dir='ltr'><strong>petis.</strong></span> 
     </span>
     <span class='ocr_line' id='line_1_6' title="bbox 192 1103 1132 1189; baseline 0.002 -18"><span class='ocrx_word' id='word_1_29' title='bbox 192 1107 242 1172; x_wconf 89' lang='lat' dir='ltr'><strong>Me</strong></span> <span class='ocrx_word' id='word_1_30' title='bbox 264 1104 373 1172; x_wconf 76' lang='lat' dir='ltr'><strong>videre</strong></span> <span class='ocrx_word' id='word_1_31' title='bbox 395 1109 427 1172; x_wconf 85' lang='lat' dir='ltr'><strong>et</strong></span> <span class='ocrx_word' id='word_1_32' title='bbox 448 1123 498 1171; x_wconf 89' lang='lat' dir='ltr'><strong>me</strong></span> <span class='ocrx_word' id='word_1_33' title='bbox 520 1110 551 1170; x_wconf 80' lang='lat' dir='ltr'><strong>ie</strong></span> <span class='ocrx_word' id='word_1_34' title='bbox 574 1103 682 1169; x_wconf 82' lang='lat' dir='ltr'><strong>amdre</strong></span> <span class='ocrx_word' id='word_1_35' title='bbox 705 1103 861 1186; x_wconf 68' lang='lat' dir='ltr'><strong>pustulis:</strong></span> <span class='ocrx_word' id='word_1_36' title='bbox 885 1123 1017 1187; x_wconf 89' lang='lat' dir='ltr'><strong>puerum</strong></span> <span class='ocrx_word' id='word_1_37' title='bbox 1040 1109 1132 1189; x_wconf 85' lang='lat' dir='ltr'><strong>petis.</strong></span> 
     </span>
    </p>
   </div>
   <div class='ocr_carea' id='block_1_5' title="bbox 192 1263 1358 1480">
    <p class='ocr_par' dir='ltr' id='par_1_5' title="bbox 192 1263 1358 1480">
     <span class='ocr_line' id='line_1_7' title="bbox 415 1263 949 1352; baseline 0.009 -27"><span class='ocrx_word' id='word_1_38' title='bbox 415 1341 418 1352; x_wconf 30' lang='lat'>¹</span> <span class='ocrx_word' id='word_1_39' title='bbox 522 1343 525 1350; x_wconf 24' lang='grc' dir='ltr'>Ι</span> <span class='ocrx_word' id='word_1_40' title='bbox 725 1263 949 1330; x_wconf 84' lang='lat' dir='ltr'><strong>Dmmncnus.</strong></span> 
     </span>
     <span class='ocr_line' id='line_1_8' title="bbox 192 1389 1358 1480; baseline 0.003 -23"><span class='ocrx_word' id='word_1_41' title='bbox 192 1391 233 1458; x_wconf 92' lang='lat' dir='ltr'><strong>Di</strong></span> <span class='ocrx_word' id='word_1_42' title='bbox 255 1389 462 1457; x_wconf 70' lang='lat' dir='ltr'><strong>immundities!</strong></span> <span class='ocrx_word' id='word_1_43' title='bbox 486 1395 520 1456; x_wconf 85' lang='lat' dir='ltr'><strong>ut</strong></span> <span class='ocrx_word' id='word_1_44' title='bbox 542 1389 727 1473; x_wconf 73' lang='lat' dir='ltr'>planiloqua</span> <span class='ocrx_word' id='word_1_45' title='bbox 749 1389 811 1456; x_wconf 89' lang='lat' dir='ltr'><strong>est!</strong></span> <span class='ocrx_word' id='word_1_46' title='bbox 836 1389 947 1472; x_wconf 80' lang='lat' dir='ltr'>paucis</span> <span class='ocrx_word' id='word_1_47' title='bbox 970 1389 1005 1456; x_wconf 82' lang='lat' dir='ltr'><strong>ut</strong></span> <span class='ocrx_word' id='word_1_48' title='bbox 1026 1409 1092 1459; x_wconf 86' lang='lat' dir='ltr'><strong>rem</strong></span> <span class='ocrx_word' id='word_1_49' title='bbox 1114 1391 1218 1476; x_wconf 80' lang='lat' dir='ltr'><strong>ipsam</strong></span> <span class='ocrx_word' id='word_1_50' title='bbox 1240 1395 1358 1480; x_wconf 81' lang='lat' dir='ltr'><strong>attigit!</strong></span> 
     </span>
    </p>
   </div>
   <div class='ocr_carea' id='block_1_6' title="bbox 727 1552 960 1617">
    <p class='ocr_par' dir='ltr' id='par_1_6' title="bbox 727 1552 960 1617">
     <span class='ocr_line' id='line_1_9' title="bbox 727 1552 960 1617; baseline -0.004 0"><span class='ocrx_word' id='word_1_51' title='bbox 727 1552 960 1617; x_wconf 80' lang='lat' dir='ltr'><strong>Pnnonnsuun.</strong></span> 
     </span>
    </p>
   </div>
   <div class='ocr_carea' id='block_1_7' title="bbox 118 1669 1245 2287">
    <p class='ocr_par' dir='ltr' id='par_1_7' title="bbox 192 1669 1245 1761">
     <span class='ocr_line' id='line_1_10' title="bbox 192 1669 1245 1761; baseline 0.002 -19"><span class='ocrx_word' id='word_1_52' title='bbox 192 1675 264 1744; x_wconf 84' lang='lat' dir='ltr'><strong>Seio</strong></span> <span class='ocrx_word' id='word_1_53' title='bbox 286 1675 432 1760; x_wconf 73' lang='lat' dir='ltr'><strong>equidem</strong></span> <span class='ocrx_word' id='word_1_54' title='bbox 455 1694 606 1759; x_wconf 82' lang='lat' dir='ltr'>sponsam</span> <span class='ocrx_word' id='word_1_55' title='bbox 627 1675 684 1740; x_wconf 84' lang='lat' dir='ltr'><strong>tibi</strong></span> <span class='ocrx_word' id='word_1_56' title='bbox 707 1675 779 1742; x_wconf 79' lang='lat' dir='ltr'><strong>esse</strong></span> <span class='ocrx_word' id='word_1_57' title='bbox 802 1681 834 1741; x_wconf 81' lang='lat' dir='ltr'><strong>et</strong></span> <span class='ocrx_word' id='word_1_58' title='bbox 855 1673 954 1741; x_wconf 90' lang='lat' dir='ltr'><strong>filium</strong></span> <span class='ocrx_word' id='word_1_59' title='bbox 977 1669 1018 1741; x_wconf 74' lang='lat' dir='ltr'><strong>dx</strong></span> <span class='ocrx_word' id='word_1_60' title='bbox 1036 1683 1158 1760; x_wconf 83' lang='lat' dir='ltr'><strong>&#39;sponsa</strong></span> <span class='ocrx_word' id='word_1_61' title='bbox 1179 1677 1245 1761; x_wconf 82' lang='lat' dir='ltr'><strong>tud,</strong></span> 
     </span>
    </p>

    <p class='ocr_par' dir='ltr' id='par_1_8' title="bbox 118 1779 1234 1970">
     <span class='ocr_line' id='line_1_11' title="bbox 192 1779 1234 1869; baseline 0.001 -21"><span class='ocrx_word' id='word_1_62' title='bbox 192 1785 232 1848; x_wconf 82' lang='lat' dir='ltr'><strong>Et</strong></span> <span class='ocrx_word' id='word_1_63' title='bbox 253 1783 309 1849; x_wconf 84' lang='lat' dir='ltr'><strong>tibi</strong></span> <span class='ocrx_word' id='word_1_64' title='bbox 331 1783 460 1848; x_wconf 85' lang='lat' dir='ltr'><strong>dxorem</strong></span> <span class='ocrx_word' id='word_1_65' title='bbox 484 1779 676 1848; x_wconf 77' lang='lat' dir='ltr'><strong>ducendam:</strong></span> <span class='ocrx_word' id='word_1_66' title='bbox 701 1800 772 1846; x_wconf 84' lang='lat' dir='ltr'><strong>esse</strong></span> <span class='ocrx_word' id='word_1_67' title='bbox 794 1779 871 1844; x_wconf 86' lang='lat' dir='ltr'><strong>alibi</strong></span> <span class='ocrx_word' id='word_1_68' title='bbox 893 1779 957 1869; x_wconf 78' lang='lat' dir='ltr'><strong>idm</strong></span> <span class='ocrx_word' id='word_1_69' title='bbox 980 1782 1118 1848; x_wconf 82' lang='lat' dir='ltr'><strong>animum</strong></span> <span class='ocrx_word' id='word_1_70' title='bbox 1139 1783 1234 1868; x_wconf 72' lang='lat' dir='ltr'><strong>tuem,</strong></span> 
     </span>
     <span class='ocr_line' id='line_1_12' title="bbox 118 1883 1162 1970; baseline -0.001 -16"><span class='ocrx_word' id='word_1_71' title='bbox 118 1906 175 1961; x_wconf 75' lang='lat'><strong>855</strong></span> <span class='ocrx_word' id='word_1_72' title='bbox 193 1889 234 1954; x_wconf 89' lang='lat' dir='ltr'><strong>Ut</strong></span> <span class='ocrx_word' id='word_1_73' title='bbox 256 1907 305 1953; x_wconf 89' lang='lat' dir='ltr'><strong>me</strong></span> <span class='ocrx_word' id='word_1_74' title='bbox 328 1887 419 1969; x_wconf 70' lang='lat' dir='ltr'><strong>quusi</strong></span> <span class='ocrx_word' id='word_1_75' title='bbox 440 1907 497 1970; x_wconf 89' lang='lat' dir='ltr'><strong>pro</strong></span> <span class='ocrx_word' id='word_1_76' title='bbox 521 1883 671 1952; x_wconf 74' lang='lat' dir='ltr'><strong>de‘reliuute</strong></span> <span class='ocrx_word' id='word_1_77' title='bbox 694 1886 737 1951; x_wconf 82' lang='lat' dir='ltr'><strong>sis</strong></span> <span class='ocrx_word' id='word_1_78' title='bbox 759 1884 933 1952; x_wconf 81' lang='lat' dir='ltr'><strong>habitdrus.</strong></span> <span class='ocrx_word' id='word_1_79' title='bbox 977 1887 1035 1952; x_wconf 85' lang='lat' dir='ltr'><strong>sed</strong></span> <span class='ocrx_word' id='word_1_80' title='bbox 1056 1885 1162 1954; x_wconf 66' lang='lat' dir='ltr'><strong>tamen</strong></span> 
     </span>
    </p>

    <p class='ocr_par' dir='ltr' id='par_1_9' title="bbox 192 1990 1063 2077">
     <span class='ocr_line' id='line_1_13' title="bbox 192 1990 1063 2077; baseline -0.002 -17"><span class='ocrx_word' id='word_1_81' title='bbox 192 1993 347 2077; x_wconf 78' lang='lat' dir='ltr'><strong>Oogitdio,</strong></span> <span class='ocrx_word' id='word_1_82' title='bbox 371 2013 440 2060; x_wconf 86' lang='lat' dir='ltr'><strong>mus</strong></span> <span class='ocrx_word' id='word_1_83' title='bbox 462 1992 596 2076; x_wconf 83' lang='lat' dir='ltr'><strong>pusillus</strong></span> <span class='ocrx_word' id='word_1_84' title='bbox 618 2011 714 2074; x_wconf 83' lang='lat' dir='ltr'><strong>quem</strong></span> <span class='ocrx_word' id='word_1_85' title='bbox 737 1990 777 2056; x_wconf 84' lang='lat' dir='ltr'><strong>sit</strong></span> <span class='ocrx_word' id='word_1_86' title='bbox 799 1990 929 2074; x_wconf 67' lang='lat' dir='ltr'><strong>sipiens</strong></span> <span class='ocrx_word' id='word_1_87' title='bbox 952 1991 1063 2076; x_wconf 76' lang='lat' dir='ltr'><strong>hestiis,</strong></span> 
     </span>
    </p>

    <p class='ocr_par' dir='ltr' id='par_1_10' title="bbox 191 2096 1112 2184">
     <span class='ocr_line' id='line_1_14' title="bbox 191 2096 1112 2184; baseline -0.003 -19"><span class='ocrx_word' id='word_1_88' title='bbox 191 2099 336 2167; x_wconf 78' lang='lat' dir='ltr'><strong>Aetatem</strong></span> <span class='ocrx_word' id='word_1_89' title='bbox 359 2099 413 2184; x_wconf 90' lang='lat' dir='ltr'><strong>qui</strong></span> <span class='ocrx_word' id='word_1_90' title='bbox 437 2099 492 2168; x_wconf 90' lang='lat' dir='ltr'><strong>uni</strong></span> <span class='ocrx_word' id='word_1_91' title='bbox 514 2097 609 2166; x_wconf 81' lang='lat' dir='ltr'><strong>nubili</strong></span> <span class='ocrx_word' id='word_1_92' title='bbox 632 2115 803 2179; x_wconf 85' lang='lat' dir='ltr'><strong>numquam</strong></span> <span class='ocrx_word' id='word_1_93' title='bbox 826 2096 990 2164; x_wconf 83' lang='lat' dir='ltr'><strong>edmmittit</strong></span> <span class='ocrx_word' id='word_1_94' title='bbox 1012 2097 1112 2181; x_wconf 73' lang='lat' dir='ltr'><strong>suum,</strong></span> 
     </span>
    </p>

    <p class='ocr_par' dir='ltr' id='par_1_11' title="bbox 192 2197 1229 2287">
     <span class='ocr_line' id='line_1_15' title="bbox 192 2197 1229 2287; baseline -0.002 -15"><span class='ocrx_word' id='word_1_95' title='bbox 192 2197 294 2287; x_wconf 82' lang='lat' dir='ltr'><strong>Quia.</strong></span> <span class='ocrx_word' id='word_1_96' title='bbox 308 2206 335 2271; x_wconf 86' lang='lat' dir='ltr'><strong>si</strong></span> <span class='ocrx_word' id='word_1_97' title='bbox 358 2226 454 2274; x_wconf 91' lang='lat' dir='ltr'><strong>unum</strong></span> <span class='ocrx_word' id='word_1_98' title='bbox 476 2204 590 2272; x_wconf 81' lang='lat' dir='ltr'><strong>dstium</strong></span> <span class='ocrx_word' id='word_1_99' title='bbox 613 2202 804 2279; x_wconf 79' lang='lat' dir='ltr'><strong>obsidedtur,</strong></span> <span class='ocrx_word' id='word_1_100' title='bbox 828 2201 916 2269; x_wconf 83' lang='lat' dir='ltr'><strong>aliud</strong></span> <span class='ocrx_word' id='word_1_101' title='bbox 937 2201 1118 2287; x_wconf 80' lang='lat' dir='ltr'><strong>perfugium</strong></span> <span class='ocrx_word' id='word_1_102' title='bbox 1141 2207 1229 2287; x_wconf 83' lang='lat' dir='ltr'><strong>petii.</strong></span> 
     </span>
    </p>
   </div>
   <div class='ocr_carea' id='block_1_8' title="bbox 729 2361 953 2428">
    <p class='ocr_par' dir='ltr' id='par_1_12' title="bbox 729 2361 953 2428">
     <span class='ocr_line' id='line_1_16' title="bbox 729 2361 953 2428; baseline 0 0"><span class='ocrx_word' id='word_1_103' title='bbox 729 2361 953 2428; x_wconf 77' lang='lat' dir='ltr'><strong>Dnnmsunus</strong></span> 
     </span>
    </p>
   </div>
   <div class='ocr_carea' id='block_1_9' title="bbox 85 2469 1345 2555">
    <p class='ocr_par' dir='ltr' id='par_1_13' title="bbox 85 2469 1345 2555">
     <span class='ocr_line' id='line_1_17' title="bbox 85 2469 1345 2555; baseline 0 -17"><span class='ocrx_word' id='word_1_104' title='bbox 85 2519 92 2529; x_wconf 83' lang='lat'><em>-</em></span> <span class='ocrx_word' id='word_1_105' title='bbox 193 2469 298 2539; x_wconf 88' lang='lat' dir='ltr'><strong>Otium</strong></span> <span class='ocrx_word' id='word_1_106' title='bbox 320 2473 373 2538; x_wconf 82' lang='lat' dir='ltr'><strong>ubi</strong></span> <span class='ocrx_word' id='word_1_107' title='bbox 395 2470 462 2553; x_wconf 84' lang='lat' dir='ltr'><strong>erit,</strong></span> <span class='ocrx_word' id='word_1_108' title='bbox 486 2469 526 2536; x_wconf 90' lang='lat' dir='ltr'><strong>de</strong></span> <span class='ocrx_word' id='word_1_109' title='bbox 548 2469 617 2537; x_wconf 85' lang='lat' dir='ltr'><strong>istis</strong></span> <span class='ocrx_word' id='word_1_110' title='bbox 639 2469 734 2535; x_wconf 80' lang='lat' dir='ltr'><strong>rebus</strong></span> <span class='ocrx_word' id='word_1_111' title='bbox 756 2475 823 2536; x_wconf 85' lang='lat' dir='ltr'><strong>tum</strong></span> <span class='ocrx_word' id='word_1_112' title='bbox 846 2471 982 2553; x_wconf 88' lang='lat' dir='ltr'><strong>amplids</strong></span> <span class='ocrx_word' id='word_1_113' title='bbox 1005 2476 1108 2538; x_wconf 76' lang='lat' dir='ltr'><strong>tenum</strong></span> <span class='ocrx_word' id='word_1_114' title='bbox 1129 2469 1250 2555; x_wconf 79' lang='lat' dir='ltr'><strong>loqudr.</strong></span> <span class='ocrx_word' id='word_1_115' title='bbox 1338 2471 1345 2488; x_wconf 94' lang='lat'><em>&#39;</em></span> 
     </span>
    </p>
   </div>
   <div class='ocr_carea' id='block_1_10' title="bbox 119 2575 567 2661">
    <p class='ocr_par' dir='ltr' id='par_1_14' title="bbox 119 2575 567 2661">
     <span class='ocr_line' id='line_1_18' title="bbox 119 2575 567 2661; baseline -0.004 -17"><span class='ocrx_word' id='word_1_116' title='bbox 119 2597 176 2652; x_wconf 81' lang='lat'><strong>860</strong></span> <span class='ocrx_word' id='word_1_117' title='bbox 194 2579 284 2646; x_wconf 84' lang='lat' dir='ltr'><strong>Nune</strong></span> <span class='ocrx_word' id='word_1_118' title='bbox 306 2579 437 2661; x_wconf 80' lang='lat' dir='ltr'><strong>puerum</strong></span> <span class='ocrx_word' id='word_1_119' title='bbox 459 2575 567 2643; x_wconf 82' lang='lat' dir='ltr'><strong>redde.</strong></span> 
     </span>
    </p>
   </div>
   <div class='ocr_carea' id='block_1_11' title="bbox 192 2734 1358 3030">
    <p class='ocr_par' dir='ltr' id='par_1_15' title="bbox 192 2734 1358 3030">
     <span class='ocr_line' id='line_1_19' title="bbox 727 2734 959 2802; baseline 0.017 -4"><span class='ocrx_word' id='word_1_120' title='bbox 727 2734 959 2802; x_wconf 82' lang='lat' dir='ltr'><strong>Pnnonnsmm.</strong></span> 
     </span>
     <span class='ocr_line' id='line_1_20' title="bbox 612 2837 1358 2928; baseline 0.004 -22"><span class='ocrx_word' id='word_1_121' title='bbox 612 2841 721 2922; x_wconf 90' lang='lat' dir='ltr'><strong>Immo,</strong></span> <span class='ocrx_word' id='word_1_122' title='bbox 744 2839 868 2923; x_wconf 77' lang='lat' dir='ltr'><strong>umdbo,</strong></span> <span class='ocrx_word' id='word_1_123' title='bbox 895 2847 930 2908; x_wconf 85' lang='lat' dir='ltr'><strong>ut</strong></span> <span class='ocrx_word' id='word_1_124' title='bbox 951 2840 1010 2908; x_wconf 80' lang='lat' dir='ltr'><strong>hos</strong></span> <span class='ocrx_word' id='word_1_125' title='bbox 1030 2839 1102 2928; x_wconf 77' lang='lat' dir='ltr'><strong>dies</strong></span> <span class='ocrx_word' id='word_1_126' title='bbox 1124 2837 1248 2924; x_wconf 86' lang='lat' dir='ltr'><strong>aliquos</strong></span> <span class='ocrx_word' id='word_1_127' title='bbox 1270 2841 1358 2909; x_wconf 74' lang='lat' dir='ltr'><strong>sinis</strong></span> 
     </span>
     <span class='ocr_line' id='line_1_21' title="bbox 192 2946 558 3030; baseline -0.003 -17"><span class='ocrx_word' id='word_1_128' title='bbox 192 2948 273 3014; x_wconf 79' lang='lat' dir='ltr'><strong>Eum</strong></span> <span class='ocrx_word' id='word_1_129' title='bbox 296 2967 367 3014; x_wconf 85' lang='lat' dir='ltr'><strong>esse</strong></span> <span class='ocrx_word' id='word_1_130' title='bbox 390 2946 477 3030; x_wconf 84' lang='lat' dir='ltr'><strong>epdd</strong></span> <span class='ocrx_word' id='word_1_131' title='bbox 499 2967 558 3014; x_wconf 87' lang='lat' dir='ltr'><strong>me.</strong></span> 
     </span>
    </p>
   </div>
   <div class='ocr_carea' id='block_1_12' title="bbox 589 3103 950 3280">
    <p class='ocr_par' dir='ltr' id='par_1_16' title="bbox 589 3103 950 3280">
     <span class='ocr_line' id='line_1_22' title="bbox 727 3103 950 3173; baseline 0.004 -1"><span class='ocrx_word' id='word_1_132' title='bbox 727 3103 950 3173; x_wconf 73' lang='lat' dir='ltr'><strong>Dmmncnus</strong></span> 
     </span>
     <span class='ocr_line' id='line_1_23' title="bbox 589 3211 805 3280; baseline 0.009 -2"><span class='ocrx_word' id='word_1_133' title='bbox 589 3211 736 3280; x_wconf 88' lang='lat' dir='ltr'><strong>Minume.</strong></span> <span class='ocrx_word' id='word_1_134' title='bbox 804 3245 805 3250; x_wconf 46' lang='lat'><strong>.</strong></span> 
     </span>
    </p>
   </div>
   <div class='ocr_carea' id='block_1_13' title="bbox 649 3373 958 3584">
    <p class='ocr_par' dir='ltr' id='par_1_17' title="bbox 649 3373 958 3584">
     <span class='ocr_line' id='line_1_24' title="bbox 725 3373 958 3442; baseline 0.004 -2"><span class='ocrx_word' id='word_1_135' title='bbox 725 3373 958 3442; x_wconf 81' lang='lat' dir='ltr'><strong>Pnnounsnuu.</strong></span> 
     </span>
     <span class='ocr_line' id='line_1_25' title="bbox 649 3479 873 3584; baseline 0 -38"><span class='ocrx_word' id='word_1_136' title='bbox 649 3579 653 3584; x_wconf 45' lang='lat'><strong>.</strong></span> <span class='ocrx_word' id='word_1_137' title='bbox 741 3479 873 3546; x_wconf 80' lang='lat' dir='ltr'><strong>Amdbo.</strong></span> 
     </span>
    </p>
   </div>
   <div class='ocr_carea' id='block_1_14' title="bbox 727 3638 1147 3830">
    <p class='ocr_par' dir='ltr' id='par_1_18' title="bbox 727 3638 1147 3830">
     <span class='ocr_line' id='line_1_26' title="bbox 727 3638 951 3708; baseline 0 0"><span class='ocrx_word' id='word_1_138' title='bbox 727 3638 951 3708; x_wconf 77' lang='lat' dir='ltr'><strong>Dnnmncnns</strong></span> 
     </span>
     <span class='ocr_line' id='line_1_27' title="bbox 892 3740 1147 3830; baseline -0.008 -14"><span class='ocrx_word' id='word_1_139' title='bbox 892 3745 954 3826; x_wconf 80' lang='lat' dir='ltr'><strong>Qui</strong></span> <span class='ocrx_word' id='word_1_140' title='bbox 976 3741 1010 3813; x_wconf 89' lang='lat' dir='ltr'><strong>id</strong></span> <span class='ocrx_word' id='word_1_141' title='bbox 1032 3740 1147 3830; x_wconf 84' lang='lat' dir='ltr'><strong>opdst‘?</strong></span> 
     </span>
    </p>
   </div>
   <div class='ocr_carea' id='block_1_15' title="bbox 726 3903 1490 4084">
    <p class='ocr_par' dir='ltr' id='par_1_19' title="bbox 726 3903 1490 4084">
     <span class='ocr_line' id='line_1_28' title="bbox 726 3903 959 3973; baseline 0.009 -3"><span class='ocrx_word' id='word_1_142' title='bbox 726 3903 959 3973; x_wconf 83' lang='lat' dir='ltr'><strong>Pnnonnsmn.</strong></span> 
     </span>
     <span class='ocr_line' id='line_1_29' title="bbox 1062 4008 1490 4084; baseline 0.009 -6"><span class='ocrx_word' id='word_1_143' title='bbox 1062 4008 1100 4078; x_wconf 89' lang='lat' dir='ltr'><strong>In</strong></span> <span class='ocrx_word' id='word_1_144' title='bbox 1122 4027 1188 4080; x_wconf 80' lang='lat' dir='ltr'><strong>rem</strong></span> <span class='ocrx_word' id='word_1_145' title='bbox 1210 4029 1314 4082; x_wconf 83' lang='lat' dir='ltr'><strong>meum</strong></span> <span class='ocrx_word' id='word_1_146' title='bbox 1336 4015 1394 4084; x_wconf 79' lang='lat' dir='ltr'><strong>est.</strong></span> <span class='ocrx_word' id='word_1_147' title='bbox 1434 4013 1490 4082; x_wconf 79' lang='lat'>(20)</span> 
     </span>
    </p>
   </div>
   <div class='ocr_carea' id='block_1_16' title="bbox 195 4305 1492 5002">
    <p class='ocr_par' dir='ltr' id='par_1_20' title="bbox 195 4305 1492 5002">
     <span class='ocr_line' id='line_1_30' title="bbox 265 4305 1491 4382; baseline 0.005 -14"><span class='ocrx_word' id='word_1_148' title='bbox 265 4311 327 4370; x_wconf 78' lang='lat'><strong>849.</strong></span> <span class='ocrx_word' id='word_1_149' title='bbox 345 4307 380 4370; x_wconf 91' lang='lat' dir='ltr'><strong>V.</strong></span> <span class='ocrx_word' id='word_1_150' title='bbox 399 4308 433 4369; x_wconf 91' lang='lat' dir='ltr'><strong>D.</strong></span> <span class='ocrx_word' id='word_1_151' title='bbox 452 4305 533 4370; x_wconf 82' lang='lat' dir='ltr'><strong>hune.</strong></span> <span class='ocrx_word' id='word_1_152' title='bbox 581 4308 642 4372; x_wconf 80' lang='lat'><strong>850.</strong></span> <span class='ocrx_word' id='word_1_153' title='bbox 661 4306 742 4370; x_wconf 79' lang='lat' dir='ltr'><strong>codd.</strong></span> <span class='ocrx_word' id='word_1_154' title='bbox 760 4319 867 4368; x_wconf 85' lang='lat' dir='ltr'><strong>omnes:</strong></span> <span class='ocrx_word' id='word_1_155' title='bbox 885 4309 1012 4379; x_wconf 87' lang='lat' dir='ltr'><strong>quiduis</strong></span> <span class='ocrx_word' id='word_1_156' title='bbox 1031 4313 1060 4364; x_wconf 87' lang='lat' dir='ltr'><strong>et</strong></span> <span class='ocrx_word' id='word_1_157' title='bbox 1077 4310 1144 4381; x_wconf 88' lang='lat' dir='ltr'><strong>quid</strong></span> <span class='ocrx_word' id='word_1_158' title='bbox 1162 4311 1294 4382; x_wconf 75' lang='lat' dir='ltr'><strong>postules.</strong></span> <span class='ocrx_word' id='word_1_159' title='bbox 1329 4315 1391 4374; x_wconf 83' lang='lat'><strong>851.</strong></span> <span class='ocrx_word' id='word_1_160' title='bbox 1411 4315 1491 4374; x_wconf 79' lang='lat' dir='ltr'><strong>codd.</strong></span> 
     </span>
     <span class='ocr_line' id='line_1_31' title="bbox 196 4395 1491 4462; baseline 0.006 -8"><span class='ocrx_word' id='word_1_161' title='bbox 196 4415 240 4454; x_wconf 87' lang='lat' dir='ltr'><strong>me</strong></span> <span class='ocrx_word' id='word_1_162' title='bbox 257 4400 351 4456; x_wconf 86' lang='lat' dir='ltr'><strong>uidere</strong></span> <span class='ocrx_word' id='word_1_163' title='bbox 370 4400 429 4456; x_wconf 91' lang='lat' dir='ltr'><strong>uis:</strong></span> <span class='ocrx_word' id='word_1_164' title='bbox 448 4399 552 4456; x_wconf 80' lang='lat' dir='ltr'><strong>delevit</strong></span> <span class='ocrx_word' id='word_1_165' title='bbox 569 4403 612 4456; x_wconf 84' lang='lat' dir='ltr'><strong>vis</strong></span> <span class='ocrx_word' id='word_1_166' title='bbox 631 4399 766 4457; x_wconf 76' lang='lat' dir='ltr'><strong>(idilerus.</strong></span> <span class='ocrx_word' id='word_1_167' title='bbox 804 4397 865 4456; x_wconf 73' lang='lat'><strong>854.</strong></span> <span class='ocrx_word' id='word_1_168' title='bbox 884 4397 964 4455; x_wconf 87' lang='lat' dir='ltr'><strong>eodd.</strong></span> <span class='ocrx_word' id='word_1_169' title='bbox 984 4395 1137 4454; x_wconf 79' lang='lat' dir='ltr'><strong>ducendam</strong></span> <span class='ocrx_word' id='word_1_170' title='bbox 1156 4400 1211 4455; x_wconf 86' lang='lat' dir='ltr'><strong>ism</strong></span> <span class='ocrx_word' id='word_1_171' title='bbox 1230 4415 1300 4459; x_wconf 87' lang='lat' dir='ltr'><strong>esse.</strong></span> <span class='ocrx_word' id='word_1_172' title='bbox 1318 4401 1417 4458; x_wconf 85' lang='lat' dir='ltr'><strong>Delevi</strong></span> <span class='ocrx_word' id='word_1_173' title='bbox 1428 4403 1491 4462; x_wconf 80' lang='lat' dir='ltr'><strong>iam.</strong></span> 
     </span>
     <span class='ocr_line' id='line_1_32' title="bbox 196 4485 1491 4566; baseline 0.005 -22"><span class='ocrx_word' id='word_1_174' title='bbox 196 4489 258 4566; x_wconf 60' lang='lat'><strong>855.</strong></span> <span class='ocrx_word' id='word_1_175' title='bbox 276 4489 309 4546; x_wconf 90' lang='lat' dir='ltr'><strong>V.</strong></span> <span class='ocrx_word' id='word_1_176' title='bbox 328 4489 362 4546; x_wconf 92' lang='lat' dir='ltr'><strong>D.</strong></span> <span class='ocrx_word' id='word_1_177' title='bbox 380 4489 417 4544; x_wconf 81' lang='lat' dir='ltr'><strong>nt</strong></span> <span class='ocrx_word' id='word_1_178' title='bbox 434 4488 513 4558; x_wconf 83' lang='lat' dir='ltr'><strong>quusi</strong></span> <span class='ocrx_word' id='word_1_179' title='bbox 532 4505 560 4559; x_wconf 86' lang='lat' dir='ltr'><strong>p.</strong></span> <span class='ocrx_word' id='word_1_180' title='bbox 580 4489 617 4546; x_wconf 84' lang='lat' dir='ltr'><strong>Ut</strong></span> <span class='ocrx_word' id='word_1_181' title='bbox 635 4505 678 4544; x_wconf 91' lang='lat' dir='ltr'><strong>me</strong></span> <span class='ocrx_word' id='word_1_182' title='bbox 697 4489 790 4559; x_wconf 84' lang='lat' dir='ltr'><strong>qussi,</strong></span> <span class='ocrx_word' id='word_1_183' title='bbox 808 4487 840 4545; x_wconf 91' lang='lat' dir='ltr'><strong>P.</strong></span> <span class='ocrx_word' id='word_1_184' title='bbox 858 4487 902 4542; x_wconf 83' lang='lat' dir='ltr'><strong>iis</strong></span> <span class='ocrx_word' id='word_1_185' title='bbox 921 4485 1008 4554; x_wconf 80' lang='lat' dir='ltr'><strong>qussi.</strong></span> <span class='ocrx_word' id='word_1_186' title='bbox 1030 4485 1064 4545; x_wconf 95' lang='lat' dir='ltr'><strong>D.</strong></span> <span class='ocrx_word' id='word_1_187' title='bbox 1082 4487 1192 4547; x_wconf 75' lang='lat' dir='ltr'><strong>delicta.</strong></span> <span class='ocrx_word' id='word_1_188' title='bbox 1228 4489 1263 4548; x_wconf 90' lang='lat' dir='ltr'><strong>V.</strong></span> <span class='ocrx_word' id='word_1_189' title='bbox 1282 4492 1334 4548; x_wconf 87' lang='lat' dir='ltr'><strong>sed</strong></span> <span class='ocrx_word' id='word_1_190' title='bbox 1352 4507 1439 4562; x_wconf 81' lang='lat' dir='ltr'><strong>amen,</strong></span> <span class='ocrx_word' id='word_1_191' title='bbox 1457 4491 1491 4551; x_wconf 91' lang='lat' dir='ltr'><strong>D.</strong></span> 
     </span>
     <span class='ocr_line' id='line_1_33' title="bbox 197 4575 1492 4646; baseline 0.001 -13"><span class='ocrx_word' id='word_1_192' title='bbox 197 4578 248 4634; x_wconf 86' lang='lat' dir='ltr'><strong>sed</strong></span> <span class='ocrx_word' id='word_1_193' title='bbox 265 4591 361 4635; x_wconf 77' lang='lat' dir='ltr'><strong>amem.</strong></span> <span class='ocrx_word' id='word_1_194' title='bbox 415 4576 476 4634; x_wconf 75' lang='lat'><strong>857.</strong></span> <span class='ocrx_word' id='word_1_195' title='bbox 494 4575 574 4634; x_wconf 76' lang='lat' dir='ltr'><strong>codd.</strong></span> <span class='ocrx_word' id='word_1_196' title='bbox 593 4578 659 4646; x_wconf 91' lang='lat' dir='ltr'><strong>quin</strong></span> <span class='ocrx_word' id='word_1_197' title='bbox 678 4592 695 4633; x_wconf 90' lang='grc' dir='ltr'>ο</span> <span class='ocrx_word' id='word_1_198' title='bbox 714 4575 843 4632; x_wconf 78' lang='lat' dir='ltr'><strong>cubilium</strong></span> <span class='ocrx_word' id='word_1_199' title='bbox 862 4591 944 4645; x_wconf 74' lang='lat' dir='ltr'><strong>quium</strong></span> <span class='ocrx_word' id='word_1_200' title='bbox 963 4575 1106 4630; x_wconf 80' lang='lat' dir='ltr'><strong>committit</strong></span> <span class='ocrx_word' id='word_1_201' title='bbox 1124 4593 1211 4635; x_wconf 87' lang='lat' dir='ltr'><strong>suum.</strong></span> <span class='ocrx_word' id='word_1_202' title='bbox 1266 4579 1326 4638; x_wconf 85' lang='lat'><strong>858.</strong></span> <span class='ocrx_word' id='word_1_203' title='bbox 1344 4581 1380 4639; x_wconf 89' lang='lat' dir='ltr'><strong>V.</strong></span> <span class='ocrx_word' id='word_1_204' title='bbox 1398 4580 1492 4636; x_wconf 88' lang='lat' dir='ltr'><strong>odium</strong></span> 
     </span>
     <span class='ocr_line' id='line_1_34' title="bbox 196 4663 1492 4734; baseline 0.004 -14"><span class='ocrx_word' id='word_1_205' title='bbox 196 4664 355 4729; x_wconf 79' lang='lat' dir='ltr'><strong>obsidiatur,</strong></span> <span class='ocrx_word' id='word_1_206' title='bbox 381 4665 415 4723; x_wconf 89' lang='lat' dir='ltr'><strong>D.</strong></span> <span class='ocrx_word' id='word_1_207' title='bbox 444 4664 522 4734; x_wconf 84' lang='lat' dir='ltr'><strong>quasi</strong></span> <span class='ocrx_word' id='word_1_208' title='bbox 548 4680 632 4720; x_wconf 91' lang='lat' dir='ltr'><strong>unum</strong></span> <span class='ocrx_word' id='word_1_209' title='bbox 660 4664 819 4733; x_wconf 70' lang='lat' dir='ltr'><strong>obsidatu,</strong></span> <span class='ocrx_word' id='word_1_210' title='bbox 847 4664 877 4722; x_wconf 91' lang='lat' dir='ltr'><strong>P.</strong></span> <span class='ocrx_word' id='word_1_211' title='bbox 905 4664 970 4732; x_wconf 85' lang='lat' dir='ltr'><strong>quis</strong></span> <span class='ocrx_word' id='word_1_212' title='bbox 996 4664 1090 4718; x_wconf 90' lang='lat' dir='ltr'><strong>vinum</strong></span> <span class='ocrx_word' id='word_1_213' title='bbox 1109 4663 1277 4725; x_wconf 75' lang='lat' dir='ltr'><strong>obsideatur.</strong></span> <span class='ocrx_word' id='word_1_214' title='bbox 1295 4667 1329 4726; x_wconf 90' lang='lat' dir='ltr'><strong>V.</strong></span> <span class='ocrx_word' id='word_1_215' title='bbox 1347 4668 1381 4726; x_wconf 94' lang='lat' dir='ltr'><strong>D.</strong></span> <span class='ocrx_word' id='word_1_216' title='bbox 1400 4668 1492 4726; x_wconf 81' lang='lat' dir='ltr'><strong>alium.</strong></span> 
     </span>
     <span class='ocr_line' id='line_1_35' title="bbox 195 4751 1491 4824; baseline 0.004 -16"><span class='ocrx_word' id='word_1_217' title='bbox 195 4753 303 4811; x_wconf 85' lang='lat' dir='ltr'><strong>Deinde</strong></span> <span class='ocrx_word' id='word_1_218' title='bbox 321 4752 399 4810; x_wconf 85' lang='lat' dir='ltr'><strong>codd.</strong></span> <span class='ocrx_word' id='word_1_219' title='bbox 428 4769 523 4809; x_wconf 85' lang='lat' dir='ltr'><strong>omnes</strong></span> <span class='ocrx_word' id='word_1_220' title='bbox 548 4752 621 4824; x_wconf 83' lang='lat' dir='ltr'><strong>gerit</strong></span> <span class='ocrx_word' id='word_1_221' title='bbox 639 4769 665 4823; x_wconf 86' lang='lat' dir='ltr'><strong>p.</strong></span> <span class='ocrx_word' id='word_1_222' title='bbox 684 4755 761 4822; x_wconf 85' lang='lat' dir='ltr'><strong>petit.</strong></span> <span class='ocrx_word' id='word_1_223' title='bbox 815 4753 876 4808; x_wconf 83' lang='lat'><strong>859.</strong></span> <span class='ocrx_word' id='word_1_224' title='bbox 895 4751 929 4810; x_wconf 89' lang='lat' dir='ltr'><strong>V.</strong></span> <span class='ocrx_word' id='word_1_225' title='bbox 948 4752 983 4810; x_wconf 93' lang='lat' dir='ltr'><strong>D.</strong></span> <span class='ocrx_word' id='word_1_226' title='bbox 1003 4753 1104 4811; x_wconf 90' lang='lat' dir='ltr'><strong>odium.</strong></span> <span class='ocrx_word' id='word_1_227' title='bbox 1157 4753 1218 4812; x_wconf 85' lang='lat'><strong>861.</strong></span> <span class='ocrx_word' id='word_1_228' title='bbox 1238 4755 1268 4813; x_wconf 90' lang='lat' dir='ltr'><strong>P.</strong></span> <span class='ocrx_word' id='word_1_229' title='bbox 1286 4769 1348 4810; x_wconf 88' lang='lat' dir='ltr'><strong>esse</strong></span> <span class='ocrx_word' id='word_1_230' title='bbox 1367 4771 1437 4815; x_wconf 86' lang='lat' dir='ltr'><strong>enm.</strong></span> <span class='ocrx_word' id='word_1_231' title='bbox 1457 4755 1491 4813; x_wconf 90' lang='lat' dir='ltr'><strong>V.</strong></span> 
     </span>
     <span class='ocr_line' id='line_1_36' title="bbox 196 4839 1492 4914; baseline 0.004 -18"><span class='ocrx_word' id='word_1_232' title='bbox 196 4843 250 4897; x_wconf 86' lang='lat' dir='ltr'><strong>ism</strong></span> <span class='ocrx_word' id='word_1_233' title='bbox 268 4841 330 4911; x_wconf 80' lang='lat' dir='ltr'>abo,</span> <span class='ocrx_word' id='word_1_234' title='bbox 347 4841 381 4899; x_wconf 91' lang='lat' dir='ltr'><strong>D.</strong></span> <span class='ocrx_word' id='word_1_235' title='bbox 400 4841 452 4896; x_wconf 85' lang='lat' dir='ltr'><strong>ium</strong></span> <span class='ocrx_word' id='word_1_236' title='bbox 471 4842 544 4900; x_wconf 83' lang='lat' dir='ltr'><strong>abio.</strong></span> <span class='ocrx_word' id='word_1_237' title='bbox 580 4841 615 4899; x_wconf 91' lang='lat' dir='ltr'><strong>V.</strong></span> <span class='ocrx_word' id='word_1_238' title='bbox 634 4842 668 4901; x_wconf 91' lang='lat' dir='ltr'><strong>D.</strong></span> <span class='ocrx_word' id='word_1_239' title='bbox 687 4841 754 4911; x_wconf 88' lang='lat' dir='ltr'><strong>quid</strong></span> <span class='ocrx_word' id='word_1_240' title='bbox 773 4855 849 4910; x_wconf 88' lang='lat' dir='ltr'><strong>opus.</strong></span> <span class='ocrx_word' id='word_1_241' title='bbox 885 4841 915 4898; x_wconf 86' lang='lat' dir='ltr'><strong>P.</strong></span> <span class='ocrx_word' id='word_1_242' title='bbox 934 4839 1044 4894; x_wconf 89' lang='lat' dir='ltr'><strong>minime</strong></span> <span class='ocrx_word' id='word_1_243' title='bbox 1062 4857 1124 4894; x_wconf 81' lang='lat' dir='ltr'><strong>nam</strong></span> <span class='ocrx_word' id='word_1_244' title='bbox 1144 4856 1178 4897; x_wconf 84' lang='lat' dir='ltr'><strong>en</strong></span> <span class='ocrx_word' id='word_1_245' title='bbox 1196 4843 1263 4912; x_wconf 92' lang='lat' dir='ltr'><strong>quid</strong></span> <span class='ocrx_word' id='word_1_246' title='bbox 1280 4856 1359 4914; x_wconf 79' lang='lat' dir='ltr'><strong>opus.</strong></span> <span class='ocrx_word' id='word_1_247' title='bbox 1383 4843 1492 4901; x_wconf 87' lang='lat' dir='ltr'><strong>Deinde</strong></span> 
     </span>
     <span class='ocr_line' id='line_1_37' title="bbox 195 4919 1103 5002; baseline 0.004 -18"><span class='ocrx_word' id='word_1_248' title='bbox 195 4932 224 4985; x_wconf 87' lang='lat' dir='ltr'><strong>in</strong></span> <span class='ocrx_word' id='word_1_249' title='bbox 241 4945 299 4986; x_wconf 83' lang='lat' dir='ltr'><strong>rem</strong></span> <span class='ocrx_word' id='word_1_250' title='bbox 317 4944 404 4986; x_wconf 83' lang='lat' dir='ltr'><strong>meam</strong></span> <span class='ocrx_word' id='word_1_251' title='bbox 424 4934 466 4985; x_wconf 83' lang='lat' dir='ltr'><strong>est</strong></span> <span class='ocrx_word' id='word_1_252' title='bbox 484 4931 600 4988; x_wconf 79' lang='lat' dir='ltr'><strong>Peneus:</strong></span> <span class='ocrx_word' id='word_1_253' title='bbox 620 4933 654 4992; x_wconf 90' lang='lat' dir='ltr'><strong>V.</strong></span> <span class='ocrx_word' id='word_1_254' title='bbox 672 4919 710 4989; x_wconf 71' lang='lat' dir='ltr'><strong>D?</strong></span> <span class='ocrx_word' id='word_1_255' title='bbox 725 4933 785 4988; x_wconf 86' lang='lat' dir='ltr'><strong>iure</strong></span> <span class='ocrx_word' id='word_1_256' title='bbox 802 4944 872 5002; x_wconf 81' lang='lat' dir='ltr'><strong>mea,</strong></span> <span class='ocrx_word' id='word_1_257' title='bbox 891 4932 921 4989; x_wconf 89' lang='lat' dir='ltr'><strong>P.</strong></span> <span class='ocrx_word' id='word_1_258' title='bbox 939 4930 967 4986; x_wconf 91' lang='lat' dir='ltr'><strong>in</strong></span> <span class='ocrx_word' id='word_1_259' title='bbox 986 4947 1016 4987; x_wconf 86' lang='lat' dir='ltr'><strong>re</strong></span> <span class='ocrx_word' id='word_1_260' title='bbox 1033 4945 1103 4988; x_wconf 83' lang='lat' dir='ltr'><strong>mes.</strong></span> 
     </span>
    </p>
   </div>
   <div class='ocr_carea' id='block_1_17' title="bbox 0 0 1798 5464">
    <p class='ocr_par' dir='ltr' id='par_1_21' title="bbox 0 0 1798 5464">
     <span class='ocr_line' id='line_1_38' title="bbox 0 0 1798 5464; baseline 0 2"><span class='ocrx_word' id='word_1_261' title='bbox 0 0 1798 5464; x_wconf 95' lang='lat' dir='ltr'><strong> </strong></span> 
     </span>
    </p>
   </div>
  </div>
 </body>
</html>
