3588 5464
860 287 999 351 ununsu
1322 292 1598 367 (1,1,n-1‚2,n

444 478 561 543 Amare
583 472 707 558 oportet
727 495 848 559 omnes,
872 482 928 560 qni
950 478 1038 562 qood
1057 478 1146 562 deut,
1169 480 1297 548 hebent.

444 584 536 650 Nune
558 580 639 648 haee
660 579 737 645 mihi
760 582 920 666 meretrix,
943 603 1027 666 quse
1049 584 1101 654 hie
1124 584 1230 668 hebtt,
1254 583 1470 667 thuesium,

446 686 544 756 Suom
566 706 680 760 nomeu
704 687 796 758 omno
818 707 859 756 ex
880 694 1008 771 peotore
1030 690 1169 758 exmovit
1191 691 1271 758 meo.

445 794 528 860 Nam
550 813 601 858 me
624 792 723 860 fnisse
744 791 818 860 huin
841 793 943 862 fateor
965 795 1121 865 summum
1145 801 1241 878 atque
1262 795 1427 880 intumuim,
1540 787 1596 856 (60)

447 898 540 977 Quod
562 899 698 972 ementis
721 900 818 966 multo
841 901 1014 982 pessimum
1038 901 1088 968 ost
1101 902 1267 984 pecunias.

445 1004 578 1086 Eadem,
602 1009 771 1087 postquem
793 1005 890 1075 ilium
913 1010 1064 1090 repperit,
1087 1007 1141 1090 qui
1163 1008 1236 1090 pius
1259 1005 1360 1090 daret,

447 1110 700 1192 Damnositrsm,
723 1130 774 1177 me
797 1110 913 1178 exinde
935 1112 1055 1184 imovit
1075 1113 1154 1196 loeo,

448 1215 549 1294 Quem
572 1214 870 1306 manifestoodium
891 1217 953 1284 sibi
974 1237 1047 1286 esse
1069 1219 1266 1286 memorabat
1287 1217 1382 1300 molt,

446 1321 712 1404 Babyloniensem
735 1321 879 1388 militem:
904 1325 932 1388 is
954 1342 1038 1392 nuno
1061 1322 1174 1390 dioitir
1543 1311 1599 1382 (⁶⁵)

446 1427 603 1493 Venturos
624 1425 773 1509 peregre3
797 1445 835 1492 eo
856 1447 939 1494 nouo
960 1429 1127 1496 otumeuta
1149 1433 1198 1496 est
1220 1427 1336 1494 dolium.

448 1533 615 1615 Peperisse
637 1532 765 1599 simulet
787 1551 868 1615 sese,
892 1539 926 1600 ut
948 1554 999 1602 me
1020 1532 1169 1600 extrudet
1190 1532 1286 1614 soris,

446 1638 552 1720 Atque
574 1644 610 1705 ut
630 1658 701 1703 oum
724 1637 793 1704 solo
815 1639 1041 1721 pergraeostur
1063 1640 1170 1708 milite.

446 1745 528 1811 Eum
550 1763 622 1810 esse
643 1743 772 1810 simulet
792 1743 924 1810 militem
945 1763 1044 1827 puero
1066 1745 1200 1828 patrem.

447 1850 495 1914 Eo
517 1849 569 1914 isti
592 1848 788 1932 suppositum
811 1869 943 1932 puerum
966 1851 1046 1932 opsis
1070 1856 1138 1919 erat
1158 1848 1337 1933 pessumae.
1544 1839 1601 1908 (70)

448 1953 525 2018 Mihi
546 1955 645 2025 verba
667 1955 752 2025 retur
774 1955 854 2022 dore
876 1974 962 2037 sese;
986 1956 1028 2021 tu
1051 1975 1102 2020 me
1126 1957 1247 2022 oeusuit

448 2059 561 2128 Celare
583 2060 620 2128 se
642 2067 779 2144 potesse,
802 2059 938 2144 grivido
957 2062 987 2129 si
1009 2060 1112 2128 foret?

448 2166 530 2232 Nam
553 2187 613 2249 ego
636 2169 756 2237 Lemno
779 2166 917 2233 advenio
940 2165 1082 2235 Athenas
1106 2164 1220 2234 undius
1243 2164 1363 2248 tertiis,

448 2271 588 2355 Legatus
611 2291 673 2354 quo
695 2273 769 2338 hino
791 2291 862 2340 oum
885 2271 1011 2354 publioo
1033 2270 1166 2356 imperio
1188 2271 1244 2338 fui.

450 2375 515 2442 Sed
536 2376 617 2446 haee
639 2377 710 2460 quis
732 2377 844 2449 mulier
868 2377 938 2444 est?
960 2377 1149 2461 Asttphium
1165 2377 1325 2445 ancillulis.
1545 2366 1602 2436 (75)

450 2481 531 2549 Gom
553 2503 593 2549 eo
615 2502 739 2566 qnoque
762 2483 858 2550 etiem
881 2481 957 2550 mihi
979 2482 1038 2550 init
1059 2483 1290 2550 oommeroisim.

712 2661 923 2726 Asusumuu.
968 2661 1192 2726 DINIAROHUS.

846 2765 1058 2831 Asusunwu.

501 2867 556 2935 Ad
574 2869 658 2937 forts
679 2871 855 2940 ansoultite
877 2876 972 2953 atque
994 2870 1164 2938 adservate
1187 2870 1283 2938 aedes

502 2973 550 3040 Ne
573 2976 644 3058 quis
667 2976 820 3044 idveutor
842 2978 969 3061 grivior
991 2977 1093 3060 absit,
1118 2996 1213 3060 quam
1237 2975 1388 3042 adveniat

430 3119 433 3125 ·
502 3081 571 3147 Neu
593 3082 705 3147 mouns
728 3083 781 3166 qui
803 3083 943 3149 attulerit
965 3083 1087 3149 steiiles
1110 3083 1154 3148 nd
1175 3103 1235 3148 uos
1256 3081 1339 3148 intro

502 3185 603 3252 Poros
626 3187 770 3272 exportet
791 3187 952 3270 gravidis.
998 3189 1080 3255 Novi
1102 3209 1162 3271 ego
1184 3188 1346 3254 homiuum
1370 3204 1482 3251 mores.

504 3291 554 3355 Ita
577 3312 660 3358 nuno
683 3293 756 3359 sint
776 3292 999 3362 adulescentes
1021 3293 1150 3360 mouisti:
1175 3294 1295 3378 quippe
1468 3333 1471 3338 -
1566 3277 1605 3346 (5)

376 3675 419 3733 (9.
437 3674 517 3736 eodo
535 3675 606 3742 Num
623 3676 690 3738 mihi
707 3679 785 3737 hneo.
823 3677 858 3738 V.
876 3678 1049 3736 Pronesium.
1068 3680 1111 3735 80.
1131 3677 1166 3736 V.
1184 3678 1219 3734 D.
1239 3693 1336 3733 omues
1355 3674 1386 3731 P.
1406 3689 1522 3734 omnem.
1541 3674 1611 3730 Post

305 3779 332 3824 v.
349 3765 393 3820 80.
412 3763 447 3820 V.
465 3766 500 3822 D.
518 3765 626 3823 addunt
652 3769 826 3837 mousson,
844 3787 905 3824 ouon
918 3769 1054 3824 Phrontis
1071 3778 1109 3822 est
1121 3769 1256 3840 sapiemus,
1271 3766 1303 3822 P.
1315 3769 1424 3820 tantum
1438 3767 1611 3832 Phronesium,

305 3852 404 3909 esteris
423 3867 504 3918 onum.
522 3853 634 3913 Delevit
651 3853 724 3910 hune
742 3871 852 3928 versum
870 3856 1007 3914 Canterus
1026 3871 1090 3913 nov.
1108 3855 1172 3915 leot.
1191 3857 1216 3925 ἵ,
1235 3856 1278 3913 10.
1296 3855 1339 3909 83.
1359 3854 1393 3912 D.
1407 3845 1484 3922 prius
1502 3869 1530 3922 p.
1544 3851 1608 3922 plus

305 3941 349 3999 84.
368 3941 403 3998 V.
421 3941 455 3998 D.
474 3941 539 4001 mihi
557 3940 658 3998 exinde
674 3942 808 4014 immouit,
825 3943 880 4000 nisi
898 3943 974 4012 quod
993 3943 1028 4002 V.
1046 3944 1134 4002 exiue.
1153 3943 1196 4001 85.
1208 3940 1356 3998 manifesto
1369 3941 1463 3997 odium
1475 3941 1607 3996 Bothins:

305 4030 341 4087 V.
359 4030 393 4086 D.
412 4028 461 4099 qui
480 4029 628 4087 manifeste
649 4046 682 4086 oo
700 4031 836 4102 odiosum,
855 4031 887 4090 P.
905 4046 987 4100 quem
1001 4029 1132 4086 infestum
1151 4047 1184 4086 no
1202 4031 1339 4086 odiosum.
1357 4031 1401 4088 86.
1420 4031 1454 4089 V.
1473 4031 1507 4089 D.
1526 4029 1608 4084 Bubi-

306 4118 467 4177 louiensem.
503 4118 547 4174 88.
566 4118 647 4177 oodd.
665 4119 821 4188 Repeuisse.
859 4121 904 4177 90.
921 4120 958 4177 V.
974 4120 1009 4178 D.
1028 4118 1168 4176 simulent.
1204 4118 1257 4174 Hie
1273 4133 1371 4174 versus
1389 4119 1418 4174 iu
1431 4117 1512 4176 eodu.
1530 4131 1608 4185 pree·

306 4207 419 4276 ponitur
436 4207 584 4263 snteoeuti.
621 4207 655 4262 91
683 4208 714 4262 Ρ.
732 4207 773 4262 Eo
791 4207 839 4262 isti
857 4208 1003 4276 supposito
1021 4221 1107 4276 puero
1126 4221 1197 4276 opus
1214 4205 1353 4275 pessimae
1373 4239 1405 4248 -
1426 4211 1487 4262 eret
1503 4204 1610 4260 eddidit

307 4297 441 4354 Lomonu.
459 4294 495 4351 V.
513 4295 547 4351 D.
565 4295 635 4350 Eum
654 4294 701 4349 isti
719 4295 893 4364 suppositum
912 4311 1036 4366 puerum.
1055 4297 1098 4354 98.
1118 4295 1198 4354 oodd.
1217 4311 1255 4351 ss.
1275 4296 1310 4352 V.
1328 4295 1363 4352 D.
1383 4311 1400 4349 o
1417 4309 1469 4352 me.
1488 4295 1531 4350 95.
1554 4307 1609 4361 quo

308 4383 372 4440 hine
390 4381 476 4453 Both3
495 4383 531 4440 V.
549 4383 584 4440 D.
603 4383 668 4438 hiuu
690 4382 774 4452 quod.
792 4384 823 4442 P.
841 4383 906 4438 hine
924 4399 989 4454 quo.
1016 4385 1060 4442 96.
1079 4385 1115 4442 V.
1132 4385 1167 4442 D.
1185 4383 1287 4452 quibus
1305 4381 1404 4437 melius
1422 4398 1450 4450 p.
1470 4382 1533 4450 quis
1552 4398 1609 4436 mu-

307 4473 365 4528 lier.
402 4471 434 4530 P.
461 4487 515 4530 om.
538 4473 602 4541 quis
625 4472 791 4530 meliorest.
828 4472 937 4528 Dei'ude
964 4472 1044 4530 codd.
1067 4471 1234 4540 Astaphium
1261 4475 1305 4525 est
1323 4469 1468 4526 ancillula:
1495 4475 1540 4526 est
1557 4469 1610 4524 del·

308 4559 411 4616 Goller.
441 4560 485 4616 97.
503 4559 538 4614 V.
556 4559 591 4616 D.
610 4574 676 4631 ergo
694 4576 721 4628 p.
740 4575 783 4620 en.

362 4649 406 4707 98.
425 4646 571 4704 edsewnte
583 4649 670 4706 Priso.
689 4647 724 4706 de
741 4653 819 4712 metr.
837 4648 900 4706 Ter.
918 4650 944 4720 2,
964 4649 1010 4704 18:
1030 4646 1063 4705 V.
1077 4646 1211 4702 adsumto
1225 4646 1259 4703 D.
1280 4661 1385 4704 seruus.
1398 4649 1428 4704 P.
1443 4647 1611 4704 esses-vebis.

311 4735 371 4790 100.
383 4750 482 4796 manus
497 4736 545 4804 qui
558 4768 590 4777 -
605 4736 640 4792 sd
653 4751 705 4792 uos
714 4735 787 4792 iutro
799 4737 893 4808 Bou.;
912 4736 992 4793 codd.
1006 4737 1054 4806 qui
1065 4751 1165 4792 munus
1184 4765 1217 4776 -
1236 4735 1309 4788 intro
1323 4735 1360 4789 nd
1376 4751 1437 4793 uos.
1458 4739 1518 4793 101.
1531 4735 1612 4800 codd,

309 4823 442 4892 gravidas
460 4821 535 4882 iores
552 4829 686 4892 exportet
705 4825 766 4884 108.
779 4825 859 4882 eodd.
868 4824 1066 4898 ‚adulescentes
1078 4823 1179 4880 moreti
1192 4828 1266 4879 suut.
1286 4823 1392 4880 Deinde
1404 4825 1506 4894 quippe
1518 4823 1612 4897 Both.;

312 4909 392 4966 oodu
409 4911 478 4981 quin
497 4912 530 4969 ei.
