3588 5464
149 229 154 238 ·
213 223 261 294 (Π,
278 226 303 294 r,
324 227 452 300 co—oo.)
722 221 996 298 redemerint.

808 528 913 596 Gnnn.

984 635 1068 716 Quin
1089 637 1227 722 perbene

141 740 198 796 590
215 731 297 798 Novi
319 731 479 800 hominem
501 733 606 800 nihili:
634 734 700 801 illio
722 739 843 820 quaeso
866 743 937 806 est?

745 880 979 948 Pnnorrnsrnn.

988 988 1067 1054 Illic.

809 1144 915 1212 (inm.

1116 1251 1168 1319 Me
1190 1255 1328 1322 lntnotur
1349 1255 1489 1338 gomdns.

385 1351 497 1416 Traxit
519 1351 560 1417 tx
581 1352 690 1419 intimd
712 1361 824 1424 ventre
846 1357 1025 1440 sdcpiridm.

383 1457 452 1523 Hoc
473 1455 561 1540 vide,
585 1459 620 1524 dt
642 1459 789 1528 dontibds
812 1461 942 1528 frendit:
972 1461 1028 1528 icit
1049 1459 1161 1528 femin.

384 1561 469 1628 Num
492 1563 623 1630 obsecro
644 1586 720 1630 nam
744 1567 890 1652 emolliet,
919 1569 974 1652 qui
996 1568 1086 1652 ipsus
1110 1568 1145 1635 sc
1166 1569 1336 1638 verberor?
1404 1647 1407 1652 ¹
1488 1616 1491 1624 ·

726 1724 1006 1794 Srnnrornrnns.

213 1824 303 1889 Nunc
319 1844 378 1908 ogo
395 1827 483 1895 meos
500 1828 622 1896 animos
633 1829 790 1898 violentos
806 1851 973 1915 meamque
988 1833 1052 1898 iem
1067 1835 1148 1900 irem
1164 1855 1204 1900 ox
1219 1841 1347 1918 pectore
1359 1835 1510 1918 promam.

140 1935 196 1991 595
214 1931 374 2012 Loquere:
398 1931 483 2036 unde
506 1934 565 1999 es?
587 1935 700 2017 quoius
724 1940 783 2004 es?
805 1958 860 2005 cnr
883 1940 991 2006 atsn'o
1013 1940 1091 2006 mihi
1113 1941 1316 2008 inclementer
1339 1941 1468 2008 dicent?

807 2098 912 2167 Gerr.

213 2193 335 2263 Lubido
358 2202 415 2265 cst.
654 2223 657 2229 ·
1457 2193 1513 2267 (45)

721 2325 1001 2395 Snnnnornnnnc

456 2427 586 2496 Stricinc
609 2430 685 2496 milri
708 2434 901 2516 responsas?

810 2593 914 2660 (inno.

942 2699 1024 2766 Hoc:
1052 2720 1116 2765 non
1138 2699 1198 2782 ego
1221 2704 1252 2765 te
1275 2697 1459 2766 flocciiricio.

724 2843 1003 2922 SrnnrornnrrnS.

215 2953 299 3034 Quid
320 2960 379 3024 tu?
407 2961 463 3026 crir
485 2979 566 3028 ansa
588 2981 623 3028 en
645 2961 742 3028 alirim
763 2967 796 3028 to
819 2961 923 3028 dicere
944 2961 1103 3030 hominem
1126 2965 1257 3030 amaro?

746 3075 979 3187 Pmoonnsmn.

1296 3226 1443 3293 Libitum
1455 3227 1513 3290 est.

280 3439 282 3444 Ι
723 3351 1013 3417 Srrrrrornmrnn.

212 3453 273 3518 Ain
295 3452 448 3520 tandem?
470 3457 552 3521 istuc
574 3459 710 3538 primum
733 3457 889 3539 experior.
934 3457 1006 3523 Tun
1028 3457 1118 3540 petili
1140 3457 1215 3522 doni
1238 3457 1363 3538 carison,

213 3557 342 3624 Olenum
366 3564 462 3642 atque
485 3560 629 3626 escarum
653 3568 683 3626 et
703 3562 882 3644 poncinum,
905 3562 1071 3627 moechum
1093 3563 1266 3644 mdlacum,
1289 3560 1511 3640 oinoinnritum

142 3673 196 3727 600
215 3665 474 3748 Umbraticolam,
490 3651 770 3764 tympandtribam,
786 3665 945 3731 hominem
957 3667 1047 3733 emto
1059 3687 1122 3734 non
1134 3669 1250 3734 nauci?
1456 3658 1512 3727 (50)

283 3963 345 4021 590.
364 3962 399 4022 V.
418 3962 453 4022 D.
472 3963 538 4018 nihil
557 3962 614 4018 illic
633 3979 687 4034 qne
706 3968 757 4021 est.
776 3961 833 4018 illic
851 3967 902 4022 est.
921 3963 952 4021 P.
969 3964 1047 4019 nihili
1065 3964 1110 4018 hio
1134 3977 1189 4032 que
1212 3967 1256 4018 est
1280 3963 1343 4021 illic.
1398 3963 1459 4021 591.
1478 3961 1512 4021 V.

212 4066 373 4122 suspensus,
391 4050 426 4109 D.
446 4067 619 4122 suspensum.
682 4051 742 4110 592.
762 4051 842 4110 codd.
862 4067 942 4110 omm.
962 4056 1000 4108 ut.
1020 4050 1053 4110 cf.
1072 4051 1142 4108 Non.
1162 4051 1228 4119 123,
1246 4053 1289 4110 32.
1353 4053 1413 4108 593.
1433 4049 1513 4110 codd.

212 4139 321 4196 ariolus.
376 4140 437 4196 594
457 4139 492 4197 V.
510 4141 656 4197 uiolentus.
692 4140 812 4196 Deinde:
839 4142 895 4196 iam
913 4140 981 4195 iram
998 4154 1033 4194 ex
1055 4144 1167 4207 pectore
1188 4139 1317 4196 Bothius:
1342 4139 1421 4197 codd.
1445 4140 1514 4193 irem

213 4244 247 4283 cx
268 4233 382 4296 pectore
404 4229 470 4298 iarn,
494 4229 547 4284 nisi
570 4228 644 4298 quod
665 4228 699 4286 D.
723 4244 758 4284 ex
780 4233 875 4298 peotor
898 4229 989 4284 etiam.
1052 4227 1114 4286 595.
1137 4227 1171 4284 D.
1190 4229 1264 4282 unde
1283 4234 1334 4286 est.
1371 4229 1406 4286 D.
1426 4229 1456 4284 P.
1474 4227 1514 4280 in-

213 4316 362 4372 clementer
379 4313 453 4372 mihi.
508 4316 568 4374 596.
588 4315 667 4374 codd.
686 4317 758 4373 istuc
776 4334 826 4374 noo
839 4316 904 4372 mihi
916 4315 1065 4384 responsis.
1092 4315 1126 4372 D.
1140 4330 1192 4374 orn.
1206 4321 1242 4374 te.
1297 4317 1358 4374 597.
1377 4315 1513 4370 hominem

213 4417 304 4459 amare
321 4404 449 4459 Bothius:
469 4405 503 4462 V.
523 4420 642 4460 amorem
660 4403 778 4474 homine,
796 4405 831 4462 D.
849 4406 880 4462 P.
898 4419 990 4460 emate
1007 4401 1153 4461 hominem.
1207 4402 1268 4460 598.
1288 4402 1322 4462 V.
1341 4409 1398 4458 tum
1412 4401 1513 4471 pertilli

212 4493 246 4550 D.
270 4495 329 4546 tum
352 4496 420 4559 pent
443 4492 491 4550 illi.
518 4494 550 4552 P.
574 4494 638 4549 Tun
661 4493 769 4549 tantilli.
797 4492 901 4562 Scripsi
924 4485 1008 4563 petili.
1037 4489 1070 4548 cf.
1095 4491 1165 4549 Non.
1188 4507 1214 4559 p.
1238 4491 1298 4548 149.
1325 4489 1433 4546 Ritsohl
1449 4490 1511 4546 Per.
1627 4497 1631 4506 ’

213 4597 239 4650 p.
253 4581 313 4637 172.
368 4581 429 4638 599.
448 4579 484 4640 V.
502 4586 603 4636 metum
621 4580 656 4640 D.
675 4596 781 4636 mecum
795 4581 983 4650 p.mocchum.
1038 4581 1099 4638 600.
1118 4578 1197 4636 codd.
1215 4577 1424 4634 umbratioolum
1443 4578 1511 4648 lym·

212 4667 412 4740 phanotribcm.
448 4667 555 4724 Deinde
574 4668 709 4724 hominem
728 4685 805 4723 amas
823 4670 953 4726 Bothius:
973 4667 1053 4725 codd.
1071 4682 1165 4722 omncs
1188 4682 1250 4722 cnm
1268 4667 1353 4722 Prisc.
1372 4667 1393 4720 I.
1412 4682 1439 4734 p.
1458 4666 1513 4722 204
1605 4680 1607 4684 ·

213 4756 256 4814 ed.
275 4756 359 4810 Hertz
378 4758 408 4810 ct
425 4756 499 4814 Post.
520 4757 580 4815 166.
599 4758 622 4811 Β
642 4773 717 4812 amas
736 4757 881 4814 hominem.
898 4757 930 4811 P.
949 4771 1002 4813 om.
1015 4772 1078 4815 non.
1097 4755 1205 4812 Deinde
1217 4755 1252 4814 V.
1265 4756 1299 4818 D.
1317 4769 1387 4827 quoe
1406 4753 1512 4814 horolen

212 4843 244 4903 P.
263 4859 333 4913 quoe
351 4843 442 4902 hercle
462 4859 500 4902 os.
