3588 5464
302 280 342 346 18
881 283 1021 341 resurr
1308 286 1340 358 (ι,
1358 289 1384 358 a,
1403 287 1509 360 se-u,
1528 287 1553 357 r,
1572 287 1600 356 1)

842 467 1054 536 usnemun.

299 566 432 633 Celabat
453 567 674 652 metuebatque
696 571 737 654 te,
761 593 801 639 ne
823 581 858 640 tu
880 575 940 640 sibi
963 574 1184 659 persuaderes,
1297 649 1299 656 ,

297 674 340 741 Ut
362 673 516 739 abortioni
538 695 667 758 operam
690 676 782 744 daret
803 699 976 762 puerumve
998 688 1033 746 ut
1056 681 1211 747 enecaret.

833 805 1058 870 Drumneuus.

298 904 380 970 Tum
402 905 456 988 pol
478 905 530 971 isti
552 908 648 988 priero
669 906 698 972 is
721 914 770 976 est
790 910 881 995 pater
903 911 1146 994 Babyloniensis
1169 911 1269 994 1111111,
1525 902 1599 969 (100)

227 1017 280 1072 205
298 1010 418 1088 Quoius
439 1032 523 1077 nunc
544 1011 606 1078 ista
627 1011 798 1080 adventum
825 1018 952 1099 expetit.

843 1141 1054 1206 Asummuu.

1003 1247 1103 1311 Immo
1126 1244 1207 1311 adeo
1231 1253 1265 1312 ut
1286 1245 1469 1312 nimoiatum
1492 1251 1550 1327 est,

296 1346 369 1414 Jam
391 1345 443 1412 hic
464 1347 644 1416 adiutrirum
667 1348 755 1414 aiunt
776 1350 862 1416 erim:
885 1349 1025 1418 nondum
1047 1351 1218 1418 advenisse
1241 1353 1345 1418 miror.

833 1475 1058 1542 Drumeeuus.

222 1623 225 1630 ,
295 1577 351 1642 Ibo
374 1576 470 1660 igitur
492 1579 597 1643 intro?

840 1703 1063 1784 Asrrnnruu.

645 1807 820 1890 Quippinl?
864 1812 946 1876 Tam
969 1812 1130 1893 audacter,
1154 1811 1249 1893 quam
1273 1811 1400 1879 domum
1422 1811 1466 1877 ad
1489 1818 1529 1877 te.

294 1911 377 1977 Nam
398 1917 432 1977 tu
454 1911 582 1994 quidem
604 1911 719 1996 edepol
740 1920 847 1982 noster
870 1915 906 1980 ts
929 1915 1024 1981 etiam
1047 1936 1139 1998 nune,
1163 1916 1344 1984 Diniarche.

833 2040 1058 2105 Drnrnucflus.

294 2141 398 2218 Quam
420 2162 494 2207 mox
516 2149 547 2208 te
570 2142 632 2208 huc
654 2142 791 2225 recipis?

839 2269 1050 2335 Asrnrnrmu.
1536 2321 1539 2326 .

698 2374 771 2438 Jam
793 2373 844 2440 hic
867 2375 935 2440 erd:
958 2395 1058 2458 prope
1081 2379 1138 2456 est,
1161 2373 1305 2456 profecta
1327 2394 1390 2455 quo
1413 2395 1493 2440 sum.
1519 2366 1593 2436 (105)

834 2500 1058 2566 Drumncuus

225 2607 279 2662 210
296 2599 377 2667 Redi
399 2621 475 2666 vero
497 2602 650 2668 actiitum:
674 2623 735 2686 ego
757 2604 881 2670 interim
902 2605 956 2671 hic
977 2613 1008 2671 te
1031 2605 1118 2687 apud
1141 2623 1198 2670 vos
1221 2603 1398 2686 opperibor.

836 2855 1047 2922 Asrsruruu.

780 2959 933 3050 Hahahe!
956 2962 1108 3044 requievi,
1135 2991 1137 2994 ·

675 3061 758 3139 Quia
780 3063 862 3130 intro
885 3065 963 3131 abiit
985 3068 1091 3134 odium
1114 3066 1228 3132 meinn.

490 3166 636 3233 Tandem
659 3169 729 3234 sola
752 3171 834 3236 sirm:
860 3193 944 3238 nunc
966 3194 1036 3239 meo
1060 3171 1206 3254 equidem
1229 3168 1381 3235 arbitriis

491 3273 618 3355 Loquer
639 3273 738 3341 libere
761 3297 844 3358 quae
867 3279 973 3343 volam
996 3280 1028 3344 et
1050 3298 1132 3363 quae
1153 3277 1281 3344 iubebit.

363 3568 525 3626 20211111
545 3569 664 3640 sibiA.;
691 3569 725 3627 V.
744 3575 813 3625 nent
840 3572 901 3644 sibi,
930 3573 963 3632 D.
983 3577 1032 3628 aut
1059 3573 1120 3642 sibi,
1137 3572 1167 3630 P.
1190 3588 1225 3626 ne
1244 3571 1305 3631 sibi.
1352 3571 1413 3629 203.
1442 3585 1591 3639 puerumve

291 3656 422 3728 Bothius3
450 3655 529 3714 codd.
557 3669 734 3726 puerumque.
763 3657 797 3718 V.
816 3659 851 3719 D.
870 3662 919 3716 lite
936 3663 1056 3719 necaret.
1074 3661 1105 3719 P.
1125 3659 1281 3718 abnecaret.
1330 3659 1390 3716 204.
1410 3659 1444 3718 D.
1464 3659 1544 3717 Dum.
1563 3675 1590 3728 p.

292 3746 372 3804 Tum.
402 3745 437 3802 A.
467 3746 515 3800 isti
545 3751 589 3800 est
624 3761 709 3814 puero
745 3743 840 3815 pater.¹
867 3750 902 3807 V.
933 3750 967 3806 D.
1004 3750 1052 3804 isti
1082 3765 1167 3817 puero
1199 3749 1265 3818 quid
1295 3753 1339 3803 est
1373 3752 1452 3815 pater
1481 3749 1512 3806 P.
1543 3748 1591 3802 isti

290 3850 376 3903 puero
404 3833 513 3901 quidem
541 3840 585 3889 est
611 3841 697 3904 pater.
747 3838 807 3894 205.
835 3839 869 3897 V.
898 3838 1011 3907 expetiti
1039 3836 1072 3894 D.
1092 3837 1212 3905 expetiit.
1241 3837 1275 3894 V.
1303 3836 1368 3891 abet
1394 3852 1420 3904 p.
1449 3837 1527 3894 adeo.
1555 3835 1589 3893 D.

292 3923 371 3991 abeo,
390 3924 420 3980 P.
445 3922 481 3978 ab
499 3937 541 3980 eo.
587 3926 648 3983 206.
667 3921 701 3982 V.
721 3924 755 3984 D.
774 3941 872 3985 moror.
922 3927 983 3982 207.
1001 3924 1036 3983 V.
1054 3924 1088 3982 D.
1108 3939 1192 3993 quam
1220 3939 1247 3992 p.
1266 3929 1331 3982 tam.
1350 3923 1384 3982 V.
1413 3929 1461 3978 sut
1487 3924 1590 3981 dacter.

290 4011 352 4068 208.
370 4016 401 4065 tu
428 4009 538 4079 quidem
566 4013 665 4082 edepol
682 4019 778 4068 noster
796 4030 826 4069 es
844 4015 928 4070 etiam
947 4029 1021 4069 nune
1040 4012 1087 4082 A.;
1117 4013 1196 4072 codd.
1216 4012 1312 4068 ceteri:
1331 4017 1362 4066 tu
1380 4011 1478 4080 edepol
1495 4017 1590 4067 noster

291 4097 406 4153 setiam
435 4114 517 4156 nuuc.
576 4100 637 4159 209.
655 4107 684 4156 11
701 4102 756 4157 hue
773 4103 873 4172 recipis
892 4103 940 4174 A.;
971 4101 1052 4159 codd.
1080 4102 1164 4156 ceteri
1182 4105 1209 4155 te
1227 4101 1365 4170 recepisti,
1392 4100 1447 4155 uisi
1465 4100 1540 4168 quod
1557 4099 1589 4157 P.

289 4186 420 4256 recipisti.
457 4188 491 4244 A.
510 4191 633 4259 propest,
651 4192 725 4257 quod
743 4207 796 4250 om.
815 4192 847 4248 P.
902 4193 963 4248 210.
982 4190 1016 4248 V.
1036 4189 1108 4247 rede.
1127 4190 1161 4248 D.
1180 4189 1272 4246 redde.
1291 4188 1326 4247 A.
1346 4205 1398 4260 ego
1416 4188 1525 4244 interim
1544 4187 1588 4244 hic

290 4277 364 4347 apud
380 4292 432 4332 uos
449 4274 604 4346 opperibor,
632 4278 711 4336 codd.
731 4281 826 4336 ceteri:
858 4295 910 4349 ego
929 4279 1038 4334 interim
1058 4284 1086 4332 te
1104 4277 1179 4347 apud
1196 4293 1257 4336 uos.
1276 4277 1310 4336 V.
1329 4279 1363 4336 D.
1383 4276 1535 4346 apperibor.
1555 4307 1588 4316 -

289 4367 417 4422 Ceterum
444 4381 478 4419 ex
504 4362 556 4419 hac
579 4379 664 4419 scens
682 4381 779 4423 versus
797 4367 908 4424 ridetur
926 4367 1072 4436 excidisse,
1100 4381 1181 4434 quem
1210 4367 1371 4422 Priscianus
1389 4365 1410 4422 I.
1429 4381 1455 4432 p.
1476 4365 1526 4419 101
1547 4365 1589 4423 ed.

289 4455 373 4510 Hertz
389 4453 443 4510 hoc
461 4451 543 4508 modo
561 4451 662 4507 adfert:
680 4455 760 4510 Boua
777 4454 893 4525 perdidi,
911 4456 986 4511 mala
1002 4453 1117 4524 repperi,
1132 4452 1227 4509 iactus
1247 4471 1307 4509 sum
1327 4455 1445 4508 extimus
1470 4453 1589 4510 avobis.

360 4542 422 4600 211.
440 4540 554 4597 Hahahc
571 4542 693 4612 requievi
711 4543 816 4615 (tollen
836 4543 871 4601 A.
890 4544 942 4614 He,
961 4544 1036 4613 quod
1054 4542 1209 4598 adnectitur
1227 4543 1320 4597 versui
1338 4542 1399 4607 210,
1419 4541 1518 4596 deinde
1536 4541 1588 4596 Re·

290 4631 391 4700 quieui,
409 4630 485 4699 quod
501 4630 602 4684 lineam
620 4630 723 4697 implet.
754 4632 845 4687 Ceteri
863 4631 942 4689 codd.
961 4631 1069 4687 hahaha
1087 4630 1158 4686 orcle
1176 4630 1277 4700 quievi,
1296 4631 1350 4684 nisi
1363 4630 1438 4697 quod
1448 4631 1479 4688 P.
1489 4629 1587 4686 hercle.

288 4720 349 4778 212.
369 4719 438 4775 abiit
447 4722 491 4793 A,
509 4718 543 4776 V.
563 4720 628 4788 anit,
655 4719 689 4776 D.
708 4719 739 4777 P.
757 4720 816 4777 iuit.
843 4719 952 4775 Deinde
971 4721 1051 4778 codd.
1069 4723 1179 4788 praeter
1207 4718 1243 4777 A
1260 4734 1357 4773 omnes
1385 4735 1466 4777 cmm.
1489 4732 1587 4775 meum.

288 4809 349 4866 213.
370 4808 449 4866 codd.
468 4821 564 4862 omnes
583 4822 644 4861 cum
663 4806 698 4863 A.
718 4806 831 4874 quidem.
846 4821 907 4861 meo
926 4823 952 4876 p.
972 4823 1033 4863 msc
1051 4805 1185 4875 equidem.
1223 4807 1284 4864 214.
1303 4807 1334 4864 P.
1354 4806 1481 4862 volebam
1499 4822 1526 4875 p.
1540 4821 1587 4860 vo-

288 4894 352 4954 um.
369 4896 478 4952 neruos
496 4893 603 4952 rumen
620 4894 664 4966 r.;
683 4892 718 4951 v.
737 4893 771 4953 n.
790 4893 904 4967 assurt,
922 4895 957 4956 A.
975 4895 1077 4955 rosea
1139 4879 1147 4902 ·
