3588 5464
208 289 254 359 <u
271 291 298 358 a,
317 289 413 357 1u-4,
432 289 459 356 c)
674 240 678 250 ’
718 285 991 343 unucumuuus.

409 473 500 538 Prius
523 471 756 556 praedivinant,
780 490 841 553 quo
864 470 916 537 die
938 469 1023 536 esuri
1046 467 1136 534 sient.

408 579 502 644 Illum
524 577 647 643 inhiant
669 577 791 642 omnes:
814 577 862 644 illi
883 583 931 644 est
952 575 1076 642 animus
1099 557 1252 640 dmnibuis.

410 685 461 750 Mc
482 703 574 748 nemo
597 682 699 764 magis
722 683 878 766 respiciet,
901 683 954 748 iubi
976 681 1047 748 istic
1069 682 1198 760 venerit,

411 789 514 868 Quam
537 789 564 854 si
586 788 660 854 hinc
683 789 834 856 ducentos
857 807 958 856 annos
980 785 1093 851 fuerim
1115 785 1263 851 mortuos.
1397 867 1399 874 Ι
1455 776 1511 846 (20)

304 927 307 938 ·
410 897 453 962 Ut
473 895 519 960 rei
542 897 661 962 seruire
683 915 782 962 suave
805 897 866 962 est!
890 894 952 960 vad
974 893 1087 958 misero
1110 889 1202 955 mihi!

410 1003 487 1066 Post
506 999 625 1065 factum
647 999 778 1084 plector,
801 1000 876 1084 quia
898 997 1098 1081 antepartum
1120 994 1254 1078 perdidi.

411 1107 527 1172 Verum
549 1127 632 1172 nunc
656 1109 683 1172 sl
706 1125 770 1188 qua
792 1107 835 1171 mi
858 1106 1003 1188 obtigerit
1025 1100 1185 1167 hereditas

411 1211 530 1292 Magna
553 1217 648 1290 atque
670 1210 838 1293 luculenta,
862 1212 945 1276 minc
967 1213 1135 1290 postquam
1158 1207 1233 1288 scid,

411 1317 512 1382 Dulce
535 1322 630 1398 atquc
654 1316 797 1381 amarum
821 1315 896 1398 quid
919 1316 959 1380 sit
982 1314 1022 1378 dx
1044 1313 1187 1396 pecuniis,
1454 1301 1510 1372 (25)

385 1411 387 1420 ’
409 1423 478 1504 Ego
501 1421 589 1502 istos,
613 1421 666 1502 qui
688 1422 770 1490 minc
794 1442 843 1488 me
866 1421 1005 1502 culpant,
1030 1418 1265 1485 confutaverim.

396 1529 459 1594 lta
482 1548 541 1610 ego
564 1526 678 1607 edepol
701 1527 825 1592 servem
847 1527 936 1602 illam
957 1525 1065 1606 itaque
1086 1525 1183 1608 parce
1205 1523 1354 1603 victitdm

409 1627 451 1698 Ut
473 1632 561 1697 nulla
582 1631 681 1697 fatxim
704 1635 749 1699 cis
773 1631 984 1715 diospoleos
1008 1629 1077 1696 siet.

412 1737 477 1802 Sed
499 1739 665 1804 aestuosas
687 1739 788 1804 sentio
812 1738 928 1820 aperiri
950 1735 1045 1817 fords,

412 1843 502 1922 Quae
524 1844 702 1927 obsorbent,
726 1842 875 1927 quicquid
896 1842 982 1907 venit
1003 1844 1087 1907 intra
1110 1841 1265 1924 pessulds.
1456 1830 1512 1898 (³⁰)

610 2148 844 2214 Punoumsmm
891 2147 1113 2214 Dmmnenus.

744 2327 977 2391 Pnnounsmu.

410 2467 493 2534 Num
515 2467 657 2549 tibinam,
683 2466 807 2547 amabo,
830 2466 928 2530 ianua
951 2465 1000 2531 est
1016 2463 1155 2556 'mordax
1177 2463 1258 2546 mea,

411 2572 481 2651 Quo
503 2573 633 2639 introire
655 2571 789 2654 metuas,
812 2591 885 2636 mea
906 2571 1077 2654 voluiptas?

750 2733 975 2798 Dmnucnus.

1013 2930 1024 2944 .
1138 2850 1202 2917 Ver
1223 2849 1311 2916 vide!

411 2961 454 3026 Ut
475 2965 542 3025 tota
564 2958 668 3024 floret!
693 2963 727 3024 ut
749 2957 825 3022 olet!
851 2957 885 3022 uit
907 2957 1006 3026 nitide
1028 2955 1119 3028 nitet!

747 3119 979 3186 Pnuouusmu.

412 3259 473 3336 Qui
495 3265 561 3323 tam
583 3233 745 3341 inficetu's,
769 3259 888 3325 Lemno
911 3257 1085 3356 adveniens
1108 3258 1161 3340 qui
1183 3257 1258 3324 tuae
1482 3335 1483 3345 χ

411 3365 482 3430 Non
505 3363 561 3429 des
585 3367 717 3447 amicae,
741 3365 921 3446 Diniarche,
947 3364 1092 3430 savium?
1475 3350 1512 3420 (5)

753 3523 977 3591 Dnumncnus.

410 3645 495 3710 Vah!
521 3646 639 3728 vapulo
661 3646 768 3713 hdrclc
789 3667 873 3714 nunc
895 3666 954 3728 ego
978 3645 1073 3726 atquc
1095 3645 1176 3711 adeo
1199 3643 1292 3708 male.

282 3941 343 3999 339.
363 3941 396 4000 V.
415 3942 497 4012 nimo,
527 3941 561 4000 D.
581 3941 672 4011 nimio,
700 3943 730 3999 P.
750 3942 842 4001 nihilo.
877 3942 985 3997 Deinde
1012 3942 1074 3998 istic
1092 3940 1186 4011 Boin,
1215 3940 1249 3997 V.
1267 3940 1301 3997 D.
1329 3939 1353 3994 is
1380 3943 1423 3994 cst
1450 3937 1512 3996 huc.

209 4031 240 4087 P.
259 4030 283 4084 is
303 4030 364 4088 huc.
401 4029 462 4088 341.
481 4030 561 4102 codd.
580 4034 672 4084 utrum
690 4033 793 4086 seruire
812 4031 889 4085 salua
908 4035 958 4100 est,
977 4031 1031 4085 nisi
1049 4029 1123 4098 quod
1141 4030 1176 4087 V.
1195 4044 1281 4086 seure.
1308 4027 1414 4082 Deinde
1433 4025 1467 4083 V.
1477 4025 1511 4082 D.

210 4133 290 4187 uouc,
308 4119 339 4175 P.
358 4133 435 4176 neve.
473 4119 535 4176 342.
554 4118 589 4176 V.
608 4118 642 4176 D.
661 4117 763 4177 flector.
800 4118 861 4175 343.
881 4119 915 4177 V.
926 4119 960 4176 D.
979 4117 1124 4186 obtegant.
1161 4115 1221 4173 346.
1239 4115 1273 4173 V.
1292 4116 1419 4172 nuncine.
1433 4116 1466 4172 V.
1476 4116 1512 4172 D.

211 4204 432 4264 confutauerunt.
459 4208 490 4264 P.
519 4206 708 4264 confutcucro.
745 4208 798 4262 Hic
825 4223 922 4263 versus
949 4207 978 4261 in
997 4205 1076 4262 codd.
1096 4205 1219 4273 sequitur
1237 4208 1300 4272 post
1318 4220 1343 4260 v.
1363 4205 1428 4258 348:
1460 4203 1513 4258 huc

212 4294 395 4362 transpositus
415 4300 458 4350 est
476 4313 493 4349 a
512 4295 632 4352 Gdlleso.
669 4293 730 4352 347.
755 4295 835 4352 codd.
863 4296 937 4350 illam
956 4294 1054 4362 edepol
1077 4309 1191 4349 semem.
1230 4293 1290 4349 348.
1310 4293 1340 4348 Ρ.
1359 4291 1415 4350 fiet.
1451 4291 1512 4348 349.

212 4388 355 4438 aestuosas
373 4382 502 4438 Bothius:
524 4383 558 4440 V.
578 4383 611 4440 D.
631 4389 675 4438 est
693 4399 742 4438 uos
762 4384 798 4438 ad
815 4385 847 4441 P.
867 4383 924 4438 Sed
944 4382 1075 4440 assentio.
1112 4383 1173 4440 350.
1192 4382 1226 4438 V.
1246 4381 1280 4438 D.
1299 4379 1378 4438 inira.

282 4471 316 4528 V.
335 4470 544 4527 PRONESIUM
562 4471 756 4529 DINARGUS.
783 4472 817 4530 D.
836 4473 1007 4530 Pronestum.
1037 4469 1182 4527 Dinarcus.
1198 4470 1231 4526 P.
1250 4468 1436 4546 Phronesium.
1465 4466 1512 4521 Di-

212 4559 337 4617 narchus.
383 4559 444 4618 352.
465 4560 499 4617 V.
517 4561 552 4617 D.
571 4560 708 4617 uoluntas.
727 4559 760 4616 D.
779 4561 809 4618 P.
829 4559 944 4617 feruide.
963 4559 1024 4615 353.
1043 4557 1077 4614 A.
1097 4557 1162 4614 lota.
1181 4557 1216 4615 V.
1235 4557 1277 4612 olo
1296 4557 1335 4611 lui
1352 4573 1378 4624 p.
1398 4556 1456 4610 olet·
1473 4560 1513 4625 ut,

211 4649 246 4705 D.
266 4648 310 4702 olc
329 4648 365 4718 ui,
383 4650 414 4706 P.
433 4648 533 4706 oleum.
588 4647 649 4704 354.
668 4649 703 4704 A.
722 4649 753 4704 P.
773 4647 846 4717 Quid
864 4664 890 4715 p.
908 4647 968 4713 Qui.
1005 4646 1114 4700 Deinde
1132 4645 1167 4702 A.
1195 4645 1301 4700 facetus
1328 4660 1354 4712 p.
1376 4642 1511 4700 inficetus.

211 4738 242 4794 P.
262 4735 398 4800 infacetus
417 4738 479 4792 leno
499 4767 532 4776 -
552 4751 631 4804 quae.
651 4735 685 4793 V.
704 4735 738 4792 D.
758 4735 860 4804 quidue
877 4751 904 4802 p.
924 4733 991 4804 quid
1008 4739 1082 4791 tuae.
1110 4733 1171 4790 355.
1189 4731 1337 4788 Diniarche
1350 4733 1457 4786 saulum
1468 4731 1512 4803 A,

211 4825 245 4882 V.
265 4825 322 4880 dini
341 4825 430 4882 archis
449 4826 578 4894 amulum,
596 4825 630 4884 D.
651 4823 799 4880 diuiarchis
817 4823 937 4880 auiuum.
955 4822 986 4880 P.
1004 4821 1142 4879 Dinarche
1161 4821 1276 4880 savium.
1318 4820 1380 4878 356.
1399 4819 1434 4878 A.
1452 4818 1512 4876 hcr-

212 4914 281 4972 cule.
299 4913 408 4970 Deinde
427 4912 506 4972 codd.
525 4928 636 4973 omues:
656 4927 710 4982 ago
727 4927 808 4970 nunc.
864 4911 866 4915 “
1381 4925 1382 4930 ’
