3588 5464
882 283 1019 345 PLAUTI
1418 283 1464 357 (v,
1481 281 1598 356 2‘1—35)

835 570 1066 640 Pnnonnsmn

300 699 370 769 Hue
391 699 507 786 medo.
519 702 554 769 ut
575 701 726 769 molestus
747 699 789 767 ne
810 700 865 768 siu.

811 852 1090 926 sumnommna

913 983 1028 1050 Jamne
1049 982 1130 1064 abia,
1153 985 1321 1064 postquam
1343 999 1454 1047 aumm
1476 975 1602 1044 habea?

839 1135 1072 1205 Pmonnsrnn.

305 1263 442 1337 condidi
462 1267 553 1347 intro,
577 1263 662 1349 qued
683 1260 808 1332 dedisti.

872 1392 1038 1486 smmum

866 1548 966 1632 Ades,
987 1548 1101 1631 amida,
1122 1553 1155 1614 te
1177 1544 1340 1631 adloqudr.

836 1701 1068 1772 Pnnonnsnun

305 1815 358 1883 Ad
378 1822 411 1883 ue
432 1835 492 1898 ege
514 1815 577 1884 ibo.
660 1873 663 1882 ,

873 1967 1040 2042 smmux.

606 2093 659 2162 Ad
680 2116 741 2179 me,
763 2094 880 2164 delieia
902 2098 997 2164 mea?

709 2242 713 2252 ’
840 2251 1073 2324 Pnnounsmn.

1055 2378 1169 2448 Herele
1189 2375 1266 2446 vero
1287 2377 1379 2448 aerid.

874 2533 1044 2604 Smmm.

238 2673 293 2732 910
311 2659 510 2745 Quamquam
533 2659 593 2744 egd
615 2657 672 2726 tibi
694 2658 805 2726 videor
827 2662 950 2746 stultus,
975 2661 1116 2746 gaudere
1140 2661 1238 2745 aliqui
1261 2681 1311 2726 me
1333 2660 1416 2726 void.
1553 2651 1610 2721 (30)

310 2768 509 2853 Quamquam
531 2788 566 2836 es
588 2766 684 2851 bella,
707 2772 761 2833 tuo
780 2765 865 2832 meld
889 2766 943 2850 sia,
966 2767 1028 2834 nisi
1051 2768 1097 2834 tui
1119 2788 1179 2850 ege
1203 2767 1301 2851 aliqui
1323 2764 1458 2850 gauded.

844 2927 1078 2996 Pnnounannm.

311 3050 372 3117 Vin
394 3057 427 3118 te
448 3046 646 3133 amplectar?
671 3050 795 3118 savium
818 3049 914 3118 dem?

881 3202 1048 3274 sinnam.

953 3330 1088 3410 Quidvis
1110 3329 1190 3412 fuae,
1214 3324 1299 3412 quod
1320 3324 1488 3411 gaudedm.

821 3484 1102 3554 Sumnopmnns.

311 3613 439 3682 Meosne
462 3616 535 3679 ante
557 3611 665 3680 deuios
688 3631 748 3695 ego
770 3613 859 3678 illam
881 3613 988 3697 patiar
1009 3613 1089 3679 aiios
1107 3610 1350 3695 amplexarier?

312 3720 467 3786 Mortuum
488 3715 594 3783 hercle
616 3737 666 3783 me
688 3717 783 3784 hodie
807 3718 929 3786 satiust.
974 3719 1106 3784 Abstine
1128 3718 1198 3800 hdo,
1222 3717 1343 3799 mulier,
1367 3715 1505 3800 maniam,
1548 3715 1551 3722 ’

242 3825 296 3882 915
313 3826 383 3893 Nisi
404 3831 436 3893 te
457 3823 531 3891 mea
552 3839 649 3890 manu
671 3823 934 3892 eommaeeratam
957 3829 987 3889 et
1009 3822 1092 3889 hune
1114 3823 1164 3890 via
1186 3826 1293 3890 emori.
1555 3813 1612 3885 (35)

349 4119 667 4179 90‘1.iamnessothius:
696 4120 776 4182 eodd.
797 4122 860 4182 iam.
879 4120 914 4180 V.
935 4117 1089 4191 auruabiu,
1108 4122 1142 4180 D.
1162 4135 1256 4176 aumm
1284 4117 1399 4180 habena.
1454 4121 1514 4178 908.
1534 4119 1565 4178 V.
1580 4119 1611 4178 P.

315 4209 401 4274 adeat,
419 4209 454 4268 D.
473 4209 562 4268 abest.
599 4209 660 4268 909.
679 4211 759 4270 eodd.
777 4211 817 4266 Au
835 4225 888 4280 ego
907 4210 943 4266 ad
960 4214 988 4264 te
1006 4207 1062 4279 ibo,
1084 4210 1137 4264 nisi
1156 4210 1231 4280 quod
1249 4209 1283 4268 V.
1303 4213 1368 4268 atta.
1404 4207 1513 4264 Deinde
1531 4208 1611 4266 eodd.

315 4315 396 4360 emm.
413 4313 483 4368 mea,
502 4297 576 4370 quud
594 4313 646 4370 ego
665 4299 768 4360 addidi.
822 4300 883 4356 911.
903 4297 983 4355 eudd
1001 4295 1071 4354 Nam
1090 4312 1261 4368 quamquam.
1297 4297 1396 4354 Delevi
1414 4298 1491 4355 Nam.
1524 4298 1558 4356 V.
1576 4297 1611 4355 D.

316 4392 360 4446 eat
377 4386 458 4444 bella.
506 4385 613 4442 Deinde
630 4387 710 4446 eedd
729 4401 824 4444 omnes
849 4386 921 4442 malo
939 4389 987 4442 tue
1005 4401 1032 4455 p.
1051 4392 1100 4442 tuo
1119 4387 1191 4442 malo
1211 4387 1259 4444 aia.
1305 4387 1433 4457 Denique
1449 4389 1498 4442 tuo
1517 4401 1544 4456 p.
1563 4387 1611 4442 tui.

316 4477 378 4535 912.
395 4475 431 4534 V.
449 4475 484 4533 D.
502 4475 602 4532 Uinete
629 4475 831 4546 amplecteret,
858 4475 890 4534 P.
908 4474 979 4531 Uiua
1006 4479 1035 4530 te
1062 4474 1259 4546 amplectarier.
1294 4473 1406 4530 Delevit
1428 4477 1456 4528 et
1478 4471 1613 4532 uelletne.

316 4563 425 4622 Deinde
452 4552 487 4622 V.
513 4561 548 4622 D.
576 4566 711 4624 suauium.
756 4563 883 4632 Denique
910 4561 989 4621 eodd.
1018 4577 1114 4620 omnes
1141 4578 1221 4621 emm.
1245 4562 1328 4633 quod.
1382 4562 1613 4620 alamannum

269 4694 272 4701 .
317 4653 419 4710 satiust
433 4651 557 4725 Brixiam
573 4649 607 4711 V.
620 4652 655 4712 D.
674 4653 772 4722 medio,
791 4653 865 4721 quud
873 4651 903 4708 P.
915 4665 1026 4720 prorsus
1045 4650 1293 4710 emenduonnes
1303 4651 1532 4710 satius-manu.
1551 4649 1612 4708 915.

317 4740 397 4800 endd.
415 4740 469 4796 nini
485 4740 520 4800 ai.
555 4740 664 4798 Deinde
681 4741 715 4802 V.
733 4742 762 4798 ui
780 4741 809 4796 in
827 4755 943 4810 macera,
968 4739 1002 4798 D.
1022 4741 1051 4797 ui
1069 4755 1190 4810 manera,
1216 4739 1247 4798 P.
1266 4741 1294 4796 in
1312 4739 1465 4800 machaera.
1507 4733 1612 4810 Scripsi

317 4833 553 4888 conmmeatum.
589 4829 716 4900 Denique
734 4828 815 4886 eodd.
831 4830 908 4888 mon'.
