3588 5464
886 291 1026 354 PLAUTI
1338 289 1397 364 (IV,
1417 291 1442 364 3,
1461 290 1556 362 72-4,
1575 291 1602 368 7)

811 635 814 642 .
851 585 1055 654 dnnncnns.
1504 663 1507 670 ,

704 693 819 760 Filium
840 695 934 761 istinc
956 700 1043 762 tuom
1065 700 1097 760 tc
1118 695 1245 772 mdliust
1267 695 1418 778 repetere.

232 787 286 842 835
305 788 452 858 deserum
474 795 614 878 dxorcm,
637 816 732 879 quam
754 800 891 881 piimum
912 805 1026 884 potest,
1053 801 1177 868 abdecc
1199 823 1239 869 ex
1261 801 1401 870 acdibiis.

302 895 372 977 Ege
395 894 477 964 aded
498 899 563 968 iam
585 902 630 968 illi
653 906 811 971 remittam
832 906 980 973 nuncium
1003 907 1101 973 adfini
1124 908 1208 974 med:

301 1000 416 1068 Dicam
438 1008 473 1069 ut
494 1005 592 1074 aliam
615 1009 826 1078 conditionem
848 1011 912 1078 filio
935 1013 1077 1080 inveniat
1099 1015 1166 1081 sud.

844 1172 1069 1240 Dismacnns.

301 1265 344 1330 At
365 1287 426 1350 ego
449 1269 490 1335 ab
514 1273 576 1340 hiae
597 1294 730 1358 puerum
752 1277 928 1360 repdscam,
951 1299 991 1344 nc
1014 1299 1087 1344 mcx
1109 1279 1232 1346 inficias
1255 1279 1316 1346 sat.

301 1371 429 1455 Nugae!
454 1396 530 1444 nam
552 1381 625 1463 ipsa
647 1380 727 1448 hacc
749 1382 841 1466 ultro,
865 1388 900 1449 ut
923 1383 1042 1451 factum
1064 1390 1122 1467 cst,
1151 1384 1226 1450 fecit
1248 1384 1372 1450 emnem
1395 1405 1461 1451 rem
1483 1385 1600 1468 palam.

230 1487 283 1543 840
300 1475 365 1543 Sed
387 1479 519 1549 nimiism
542 1485 597 1568 pel
619 1489 796 1570 cppertsine
819 1509 918 1573 eapse
940 1511 1048 1556 eccam
1071 1489 1232 1572 egreditur
1253 1490 1352 1556 foreis.

299 1581 348 1647 Ne
369 1582 433 1658 ista
457 1591 620 1660 silmulum
642 1592 772 1676 longum
795 1593 901 1677 habet,
925 1615 1007 1682 quae
1030 1615 1130 1678 usquc
1153 1596 1241 1664 illine
1262 1597 1317 1665 cdr
1338 1597 1452 1681 pungit
1465 1598 1578 1668 medm.

578 1983 811 2055 Paeonaswn.
856 1989 1080 2058 D1nnsscnns.
1125 1990 1336 2060 Asnsnnsnn.

837 2176 1069 2246 Pnnosnsmn.

301 2294 406 2362 Blitea
429 2300 461 2362 et
481 2287 568 2364 ldica
590 2303 638 2365 cst
660 2300 817 2384 meretriX,
840 2303 901 2368 nisi
925 2322 1008 2385 quae
1030 2304 1116 2388 sapit
1138 2304 1172 2370 in
1194 2307 1269 2370 vinc
1291 2303 1334 2369 ad
1356 2323 1422 2369 rem
1445 2305 1549 2372 susim:

301 2400 337 2467 Si
359 2402 425 2468 alia
447 2401 589 2470 membra
610 2404 683 2470 vinc
706 2405 866 2490 madeant,
890 2428 945 2474 cor
967 2409 1008 2476 sit
1030 2410 1143 2478 saltem
1166 2410 1314 2478 schrisim.

303 2507 385 2576 Nam
408 2506 485 2575 mihi
508 2509 647 2576 dividiae
670 2515 728 2593 cst,
751 2515 932 2580 tonstrIccm
954 2535 1059 2581 meam
1080 2517 1127 2583 sic
1149 2517 1320 2583 mdlcatam
1343 2515 1436 2598 male,

229 2619 285 2676 845
303 2611 387 2695 Quia
407 2613 498 2698 dixit,
521 2634 594 2682 eum
615 2615 781 2683 Diniarchi
803 2638 935 2701 puerum
957 2619 1120 2690 inventum
1142 2622 1250 2690 filium.

837 2777 1063 2848 Dmssncnus.

298 2879 424 2947 Lnbido
447 2879 617 2966 ediscens,
640 2902 736 2967 quam
757 2903 856 2971 peuce
879 2884 928 2952 est
950 2907 1022 2954 mea
1044 2887 1146 2953 omnis
1169 2885 1221 2954 res
1244 2892 1277 2954 ct
1298 2887 1398 2956 liberi.
1561 2877 1601 2948 (5)

834 3045 1067 3114 Penonnswn.

185 3223 194 3234 Ι
302 3146 402 3214 Video
425 3149 543 3230 cccdm,
567 3148 621 3231 qni
643 3170 755 3218 amans
778 3151 912 3218 tutdrem
935 3153 1008 3221 med
1031 3151 1196 3236 adeptavit
1218 3153 1318 3218 bonis.

833 3312 1057 3380 Dmnnacnns

299 3409 421 3494 Mulier,
444 3409 488 3478 ad
509 3418 542 3484 tc
564 3434 634 3486 sum
656 3415 824 3505 prcfcctus.

835 3543 1068 3612 Pnaosnssnn.

785 3681 786 3686 ,
869 3647 954 3730 Quid
976 3651 1091 3738 egitir,
1113 3649 1262 3735 voluptas
1284 3647 1380 3714 medi

369 3945 430 4004 834.
449 3946 484 4006 V.
497 3947 532 4006 D.
550 3950 609 4002 tum
627 3951 663 4017 tc,
682 3947 713 4007 P.
732 3951 798 4007 tute.
854 3943 915 4005 835.
933 3945 969 4006 V.
996 3961 1119 4019 uxorum,
1137 3945 1172 4007 D.
1192 3944 1314 4002 uxorein
1333 3956 1388 4015 qua
1404 3943 1529 4013 primum.
1565 3943 1600 4001 V.

297 4037 379 4106 potes
398 4033 480 4103 abda,
499 4035 534 4094 D.
552 4039 646 4105 petest
663 4036 771 4094 abduci.
820 4035 882 4094 836.
901 4034 981 4092 cedd.
999 4035 1108 4092 adimeo
1125 4053 1152 4106 p.
1173 4033 1251 4091 affini
1269 4047 1338 4091 mco.
1387 4031 1448 4089 838.
1466 4031 1501 4089 V.
1520 4031 1554 4090 D.
1572 4036 1602 4086 et

296 4137 325 4195 p.
349 4125 401 4180 cat.
447 4124 508 4183 839.
528 4123 608 4182 codd.
626 4123 700 4182 Nihil
719 4128 769 4184 est.
816 4122 919 4193 Scripsi
942 4125 1047 4195 Nugae.
1066 4125 1147 4183 codd.
1168 4130 1197 4182 ct
1216 4122 1284 4196 (scil.
1305 4126 1346 4189 cc)
1365 4135 1392 4190 p.
1409 4120 1485 4178 haec.
1522 4119 1556 4176 V.
1566 4119 1600 4177 D.

297 4208 389 4267 sactus
407 4227 435 4283 p.
454 4209 559 4268 facium
578 4215 629 4270 cst.
684 4213 746 4272 840.
765 4213 844 4271 codd.
864 4216 1027 4282 opportuna.
1064 4212 1172 4268 Deinde
1192 4226 1276 4280 eapse
1294 4224 1388 4266 eccam
1406 4207 1534 4264 Bethius:
1565 4207 1600 4265 V.

296 4314 362 4355 ecce
380 4298 416 4355 ab
436 4315 466 4357 se
485 4303 617 4371 gregitur,
644 4303 679 4360 D.
698 4303 728 4360 P.
748 4315 813 4358 ecce
831 4299 867 4356 ab
886 4316 916 4355 se
935 4301 1082 4371 egreditur.
1139 4301 1200 4358 841.
1219 4301 1254 4358 V.
1273 4301 1392 4369 longcm,
1410 4297 1444 4356 D.
1462 4297 1493 4355 P.
1511 4296 1600 4367 longe.

295 4387 330 4447 V.
350 4403 397 4444 cor
415 4388 503 4459 pugit.
541 4389 575 4447 D.
594 4404 642 4446 cor
659 4389 740 4460 pugit
759 4389 858 4452 malim.
877 4377 908 4447 Ρ.
928 4389 1069 4459 compngit
1087 4403 1130 4442 me
1149 4404 1175 4458 p.
1195 4403 1243 4443 cor
1260 4387 1363 4458 pungit
1381 4401 1478 4445 meum.

366 4496 398 4554 P.
416 4495 597 4552 Phronesium
625 4496 760 4554 meretrix.
797 4494 953 4551 Dinarchus
976 4495 1149 4552 adulescens.
1187 4495 1358 4564 Ascaphium
1377 4493 1485 4552 ancilla.
1541 4493 1601 4551 842.

295 4585 327 4644 Ρ.
346 4601 397 4643 om.
417 4589 446 4640 et
462 4584 545 4642 lutea.
582 4584 617 4644 cf.
636 4585 705 4642 Non.
725 4585 768 4652 80,
787 4585 831 4643 25.
867 4583 902 4642 V.
921 4599 976 4640 uno
996 4600 1022 4653 p.
1042 4584 1115 4642 vinc.
1154 4583 1214 4640 844.
1233 4583 1355 4638 dividiae
1373 4581 1501 4638 Bothins:
1521 4581 1600 4640 codd

296 4671 409 4730 diuidia.
447 4674 481 4732 V.
499 4673 533 4732 D.
552 4673 642 4730 estin
660 4674 814 4731 tentricem.
851 4673 930 4731 codd.
950 4688 1058 4729 omncs:
1083 4672 1157 4727 sicut
1174 4672 1286 4728 multam
1307 4671 1385 4729 male.
1441 4672 1502 4730 845.
1520 4670 1599 4729 codd

296 4777 330 4816 ea
347 4776 373 4830 p.
395 4761 474 4827 Quia.
511 4761 546 4819 D.
564 4761 596 4819 P.
616 4760 755 4819 Dinarchi.
811 4763 871 4819 846.
891 4760 986 4816 lubido
1015 4759 1090 4816 adire
1113 4765 1156 4816 est
1173 4759 1301 4815 Pistoris:
1332 4759 1412 4822 cedd.
1441 4759 1489 4815 ubi
1507 4759 1536 4814 id
1554 4775 1600 4815 au·

295 4848 373 4908 sinit.
429 4850 489 4908 847.
509 4865 603 4906 amans
621 4853 742 4905 tutorem
760 4849 890 4905 Bothins:
912 4849 992 4907 codd.
1012 4853 1210 4904 manstntcrem
1229 4863 1272 4903 me
1290 4847 1444 4918 adoptans.
1481 4847 1547 4928 ⁴848.
1565 4847 1599 4907 D.

295 4937 438 5001 munilier.
456 4937 493 5005 ad
511 4943 540 5005 ,ic
556 4953 618 5001 sum
636 4935 779 5008 proiectus
798 4937 955 4995 Acidalius:
975 4936 1056 4995 codd
1076 4936 1173 4992 adeum
1190 4935 1352 5009 prefectust.
