3588 5464
306 321 349 386 20
888 320 1024 378 Pnnun
1320 359 1321 363 κ
1357 324 1402 393 (n,
1422 325 1446 394 1,
1465 323 1561 392 24-2,
1581 329 1608 397 1)

302 497 336 561 Is
359 497 483 562 amatdr
503 497 556 564 hio
578 506 657 582 aput
679 521 747 584 nos,
772 505 836 585 qui,
861 504 946 585 quod
969 503 1066 588 dedit,
1087 503 1123 569 id
1145 503 1273 570 oblitust
1296 503 1414 570 datium.

302 601 438 669 Probust
460 603 592 687 amiton,
616 607 670 688 qui
693 607 809 674 reliotis
832 609 926 676 rebus
948 611 1015 676 rein
1038 611 1142 693 perdit
1165 610 1265 676 suom.
1552 603 1607 674 (25)

344 708 387 774 At
408 728 467 774 nos
490 711 572 777 male
596 710 692 794 rigere
714 713 902 796 praedioint
923 716 983 782 viri
1007 716 1109 782 solere
1134 735 1251 799 seeum,

345 815 474 897 Nosque
489 837 560 883 esse
575 819 702 885 avdras.
727 819 788 897 Qui
803 823 934 888 sumtis?
950 823 1099 906 quidest,
1116 820 1202 903 quod
1218 823 1302 888 maie
1319 822 1443 905 siginus
1459 822 1606 889 tandem?

232 915 286 971 240
346 921 430 986 Nam
452 929 576 989 ecastor
597 927 769 1007 nimquam
790 928 868 993 satis
891 918 979 993 dedit
1001 949 1079 994 suae
1102 929 1270 1010 quisquam
1294 929 1416 994 amioae
1439 933 1562 992 amator·

345 1026 456 1108 Neque
478 1030 532 1122 poi
554 1049 612 1096 nos
635 1031 713 1097 sitis
736 1033 925 1117 aoeepimris,
947 1053 1050 1115 neque
1072 1054 1213 1115 unquam
1236 1032 1303 1099 ulla
1325 1033 1404 1098 sdtis
1427 1034 1581 1116 poposcit.

453 1135 536 1200 Nam
558 1136 686 1217 quando
709 1139 824 1205 stdrilis
847 1146 895 1206 est
918 1139 1040 1204 arndtor
1056 1160 1083 1204 ⁴a
1106 1139 1201 1220 datis,
1546 1131 1605 1200 (30)

452 1239 487 1304 Si
509 1246 607 1324 negat
628 1241 747 1310 habero
770 1244 856 1326 quod
877 1244 941 1327 det,
964 1244 1023 1309 soli
1046 1244 1212 1310 oredimris.

453 1345 520 1411 Neo
543 1347 621 1413 satis
644 1349 827 1432 aooipimus,
851 1352 928 1416 satis
951 1371 1021 1417 cum
1044 1348 1130 1431 quod
1153 1349 1215 1431 det,
1239 1368 1301 1442 non
1324 1347 1430 1415 habet.

230 1447 284 1505 245
453 1450 585 1534 Semper
607 1452 734 1520 datores
755 1477 856 1522 novos
879 1456 1002 1539 oportet
1024 1456 1186 1538 quaerere,
1229 1461 1233 1470 '

454 1558 516 1636 Qui
539 1560 579 1625 de
600 1559 758 1626 thesoiris
780 1563 912 1646 integris
935 1562 1061 1634 demum
1087 1562 1252 1646 oggerrint.

301 1661 395 1727 Velut
416 1661 468 1728 hio
491 1664 540 1728 est
561 1665 759 1749 adrdesoens‚
784 1668 838 1749 qui
861 1668 985 1733 hibitat
1005 1667 1057 1733 hio
1080 1668 1226 1749 agrestis,
1250 1665 1385 1731 iustioris
1547 1658 1603 1728 (35)

302 1767 403 1832 Nimis
426 1769 566 1834 mortdlis
589 1769 714 1852 lepidus
736 1773 892 1854 nimisque
915 1775 1032 1855 probus
1056 1773 1156 1838 dator.
1203 1774 1234 1836 Is
1257 1771 1339 1834 olam
1362 1769 1485 1853 putrem

300 1873 406 1964 Etiam
428 1873 490 1938 hoo
512 1875 603 1940 noete
625 1876 700 1942 illae
723 1897 780 1959 per
803 1878 927 1944 hortum
949 1867 1064 1944 transit
1086 1878 1129 1942 td
1151 1897 1223 1942 nos:
1248 1896 1320 1942 eum
1342 1877 1414 1942 void

230 1977 284 2033 250
302 1977 489 2045 Convenire.
536 1979 600 2046 Sed
622 1988 671 2047 est
691 1983 765 2049 huio
787 1986 869 2050 rinus
892 2003 1000 2048 servos
1023 1982 1288 2056 violentissumris,

344 2083 406 2161 Qui
428 2085 482 2150 ubi
505 2105 601 2166 quarn
623 2088 803 2155 ndstrarum
824 2089 913 2154 videt
934 2109 1033 2172 prope
1055 2089 1146 2154 aedis
1170 2087 1342 2171 Adgrediri
1546 2079 1602 2149 (4⁰)

343 2191 423 2255 Item
446 2196 479 2256 ut
501 2189 541 2256 de
563 2190 718 2259 irdmento
741 2195 882 2277 anseres,
905 2195 1042 2260 elamore
1066 2195 1230 2276 abstdrret,
1255 2192 1363 2274 abigit.

344 2296 395 2359 Ita
416 2303 465 2362 est
487 2296 634 2379 agrestis.
681 2298 745 2364 Sed
768 2299 862 2382 fores,
886 2299 1036 2382 quioquid
1059 2300 1198 2367 sutirum
1220 2304 1277 2380 est,
1300 2297 1421 2363 feriam.
1466 2287 1469 2296 “

343 2401 461 2483 Ecquis
483 2401 557 2467 huie
578 2402 710 2468 tutelam
732 2404 975 2490 ianuae-gerit?
997 2407 1105 2489 eequis
1128 2409 1212 2474 intus
1236 2404 1321 2472 exit?

704 2652 943 2720 Sunnrunnnrr.
990 2657 1200 2721 Asrrrnrnn.

833 2832 1072 2900 S'rnsronnnx.

227 2938 280 2994 255
299 2931 376 3012 Quis
399 2933 462 3001 illio
485 2932 543 3020 est,
571 2937 625 3020 qui
647 2944 714 3002 tarn
736 2937 882 3021 proterve
904 2939 938 3003 in
959 2943 1086 3006 nostros
1109 2937 1199 3005 addis
1223 2935 1360 3004 arietdt?

403 3165 463 3222 236.
483 3163 518 3221 V.
540 3162 574 3221 D.
593 3161 661 3231 quid
688 3161 763 3230 quod
789 3161 849 3215 edit
875 3161 1010 3231 initiatus,
1039 3162 1092 3217 nisi
1126 3163 1201 3231 quod
1222 3163 1257 3220 D.
1287 3161 1406 3218 iobstus.
1434 3159 1466 3217 P.
1488 3159 1603 3214 loliatus

295 3269 322 3320 p.
341 3251 465 3310 oblitust.
519 3239 634 3310 238.'A.
654 3249 690 3305 ad
707 3266 735 3317 p.
754 3252 791 3306 at.
846 3250 907 3305 239.
927 3248 957 3308 P.
977 3265 1029 3308 orn.
1049 3265 1121 3308 esse.
1140 3250 1259 3305 Deinde:
1282 3250 1444 3319 quisnmus
1463 3247 1602 3318 quidest,

295 3341 370 3409 quod
388 3341 459 3394 male
479 3341 585 3410 agimus
604 3340 652 3410 A.;
681 3338 779 3393 oeteri:
808 3338 855 3407 qni
875 3339 926 3392 sirn
946 3354 1076 3407 uniquam
1096 3339 1191 3393 slenos
1211 3339 1329 3407 agimus,
1343 3336 1402 3395 nisi
1421 3334 1496 3404 quod
1514 3335 1549 3392 D.
1567 3335 1601 3393 P.

295 3427 409 3486 alienos.
437 3428 499 3486 240.
517 3427 552 3484 A.
572 3427 676 3481 omioae
695 3425 806 3495 quisqui
825 3431 931 3482 amator
950 3441 1025 3484 suae.
1054 3428 1116 3486 241.
1135 3427 1213 3500 codd.
1232 3431 1341 3496 praeter
1354 3425 1389 3484 A.
1408 3438 1503 3478 ornnes
1517 3438 1599 3480 omni.

294 3535 341 3570 nos
357 3522 386 3571 et
404 3537 533 3587 unquam.
588 3515 649 3571 242.
667 3513 702 3570 D.
721 3514 752 3571 P.
771 3530 852 3572 ornm.
872 3531 896 3572 n.
950 3515 1012 3573 243.
1031 3516 1060 3574 P.
1080 3531 1133 3574 orn.
1154 3516 1185 3573 si.
1206 3514 1286 3572 codd.
1304 3519 1414 3584 praeter
1435 3514 1470 3570 A.
1490 3527 1599 3573 omnes:

294 3610 380 3676 negot
398 3621 428 3660 se
445 3605 554 3662 habere.
581 3602 616 3660 V.
635 3600 710 3670 quod
728 3606 768 3671 st;
786 3602 821 3660 D.
840 3619 895 3672 quo
914 3602 969 3662 det.
988 3604 1020 3661 P.
1040 3603 1083 3658 sin
1101 3620 1128 3671 p.
1148 3602 1209 3660 soli.
1228 3604 1372 3658 Postremo
1392 3600 1471 3658 eodd.
1490 3605 1599 3668 praeter

295 3693 329 3751 A
348 3707 443 3748 omnes
462 3710 542 3750 omm.
561 3690 705 3748 oredimus.
736 3691 1029 3760 inperceptiora.
1063 3693 1124 3750 246.
1142 3692 1177 3749 D.
1198 3692 1264 3760 quin
1282 3707 1309 3759 p.
1329 3691 1384 3760 qui,
1403 3688 1478 3757 quod
1496 3705 1549 3746 orn.
1562 3689 1597 3746 A.

294 3779 401 3835 Deinde
418 3780 454 3838 A.
473 3783 507 3840 V.
526 3781 560 3839 D.
579 3777 745 3836 thensauris.
781 3778 907 3849 Denique
935 3780 1044 3835 demum
1073 3784 1210 3851 oggernnt
1228 3780 1262 3838 A.
1290 3779 1374 3836 solus.
1393 3777 1427 3835 V.
1446 3778 1480 3834 D.
1500 3775 1597 3832 demus

294 3868 408 3938 danunt,
426 3870 457 3926 P.
476 3870 550 3924 dona
568 3867 682 3925 danunt.
729 3869 791 3926 247.
809 3868 886 3922 uolut
903 3869 951 3941 A.;
971 3870 1005 3927 V.
1024 3869 1086 3923 uint
1103 3869 1137 3925 D.
1157 3868 1185 3923 ui
1204 3873 1236 3922 ut
1252 3869 1284 3926 P.
1303 3867 1351 3921 hui
1368 3871 1407 3924 ut.
1444 3863 1552 3919 Deinde
1562 3865 1596 3922 A.

293 3956 338 4012 hio
365 3961 409 4011 est
436 3958 600 4012 adrdesoens
628 3957 676 4026 qui
694 3956 821 4012 habitant
836 3955 882 4012 hio
900 3958 1019 4027 agrestis
1039 3953 1268 4014 rusticus'oodd.
1288 3955 1385 4011 ueteri:
1413 3953 1458 4009 hio
1477 3952 1596 4023 agrestis

267 4067 270 4076 ¹
292 4049 338 4098 est
364 4045 528 4100 adulescens
556 4046 603 4114 qui
621 4045 666 4100 hio
683 4044 775 4113 habet,
803 4044 858 4099 nisi
876 4047 950 4114 quod
968 4046 1002 4104 V.
1022 4046 1107 4118 habit,
1126 4047 1160 4104 D.
1180 4045 1246 4111 abit,
1276 4060 1329 4102 orn.
1348 4044 1476 4101 rusticus.
1533 4043 1594 4099 248.

293 4132 373 4190 oodd.
400 4139 509 4201 praeter
527 4134 561 4192 Α,
590 4148 685 4188 omnes
713 4133 794 4187 nirnis
822 4133 869 4202 pol
888 4136 1019 4193 mortalis.
1056 4135 1164 4189 Deinde
1182 4133 1262 4188 detor
1281 4132 1324 4202 P.3
1343 4131 1378 4190 V.
1397 4133 1432 4190 D.
1451 4131 1539 4200 datur,
1559 4131 1593 4187 A.

293 4225 407 4278 amator.
434 4221 561 4289 Denique
579 4219 659 4277 codd.
678 4236 740 4275 curn
758 4220 793 4279 A.
812 4236 920 4277 omnes:
940 4223 989 4278 sed
1007 4225 1032 4278 is
1052 4223 1122 4278 olam
1140 4227 1255 4292 patrem,
1274 4221 1328 4275 nisi
1348 4221 1423 4289 quod
1440 4219 1474 4278 V.
1492 4220 1526 4276 D.
1545 4233 1593 4286 pa·

292 4314 342 4366 ter.
396 4309 457 4367 249.
476 4309 510 4368 V.
528 4310 563 4368 D.
590 4309 641 4364 hae
670 4313 788 4368 noctem.
815 4310 850 4368 A.
869 4312 925 4369 illa.
952 4312 986 4370 V.
1004 4327 1055 4387 por
1082 4328 1108 4380 p.
1127 4325 1183 4380 per.
1203 4309 1283 4367 oodd.
1306 4314 1416 4378 praeter
1434 4307 1468 4363 A.
1497 4317 1604 4361 omnes·

291 4397 450 4456 transiliuit.
481 4399 542 4456 250.
561 4397 595 4456 A.
614 4396 658 4452 hio
676 4414 704 4465 p.
721 4397 792 4456 huie.
822 4399 883 4457 251.
903 4400 983 4457 oodd.
1002 4403 1087 4456 reteri
1105 4415 1168 4454 oum
1187 4395 1221 4456 A.
1241 4413 1386 4468 quomque,
1406 4395 1436 4452 P.
1448 4409 1594 4464 quemquo.

292 4484 371 4542 oodd.
389 4491 499 4553 praeter
515 4487 551 4544 A.
570 4501 666 4541 omnes
686 4486 791 4541 addunt
813 4489 862 4542 iac
878 4490 984 4556 sipost
1000 4493 1085 4559 aedes,
1114 4488 1168 4542 nisi
1196 4487 1270 4556 quod
1297 4486 1327 4544 P.
1347 4501 1380 4540 eo
1398 4484 1430 4540 si.
1450 4482 1593 4537 Postremo

291 4571 430 4642 odgredhi
447 4574 495 4645 A.;
514 4574 549 4633 V.
568 4574 715 4645 adgredias
734 4575 768 4634 D.
787 4575 914 4646 agredias
932 4578 963 4635 P.
983 4578 1156 4648 aggrediens.
1211 4576 1272 4632 252.
1290 4576 1321 4631 P.
1341 4589 1394 4629 orn.
1413 4571 1478 4626 item
1497 4575 1535 4628 ut.
1555 4570 1589 4628 V.

290 4657 325 4717 D.
343 4659 408 4715 nido
426 4676 453 4728 p.
471 4666 504 4715 ut
521 4662 564 4720 de.
617 4663 807 4733 253.1taA.;
838 4665 921 4719 oeteri
947 4665 976 4719 Is
1004 4669 1078 4725 item.
1115 4663 1223 4720 Deinde
1252 4662 1373 4718 futurum
1397 4664 1445 4713 est·
1458 4658 1589 4730 Bothius3

290 4748 371 4806 oodd.
389 4754 433 4803 ost
451 4751 580 4808 iuturum.
616 4752 678 4808 254.
696 4750 730 4808 V.
749 4751 784 4809 D.
804 4752 860 4806 exit
878 4753 987 4812 aneilla.

360 4837 394 4894 V.
413 4837 639 4898 ASTAPfflUn.
656 4839 934 4900 TRUOULENTUS.
953 4842 983 4900 P.
1003 4841 1143 4899 Stratilox.
1159 4837 1333 4907 Astaphium.
1353 4835 1594 4894 tonnerrois

288 4925 396 4982 Deinde
414 4927 444 4983 in
463 4933 574 4984 nostros
593 4928 676 4984 aedos
696 4929 801 4985 Gdllerr
820 4929 899 4988 codd.
919 4945 1000 4991 orum.
1019 4933 1055 4990 in.
1075 4934 1109 4991 D.
1129 4930 1234 4987 erietat.
