<?xml version="1.0" encoding="UTF-8"?>
<!DOCTYPE html PUBLIC "-//W3C//DTD XHTML 1.0 Transitional//EN"
    "http://www.w3.org/TR/xhtml1/DTD/xhtml1-transitional.dtd">
<html xmlns="http://www.w3.org/1999/xhtml" xml:lang="en" lang="en">
 <head>
  <title>
</title>
<meta http-equiv="Content-Type" content="text/html;charset=utf-8" />
  <meta name='ocr-system' content='tesseract 3.04.00' />
  <meta name='ocr-capabilities' content='ocr_page ocr_carea ocr_par ocr_line ocrx_word'/>
</head>
<body>
  <div class='ocr_page' id='page_1' title='image "./macciplautitruc01plaugoog_0052.png"; bbox 0 0 3588 5464; ppageno 0'>
   <div class='ocr_carea' id='block_1_1' title="bbox 204 313 989 390">
    <p class='ocr_par' dir='ltr' id='par_1_1' title="bbox 204 313 989 390">
     <span class='ocr_line' id='line_1_1' title="bbox 204 313 989 390; baseline 0.009 -17"><span class='ocrx_word' id='word_1_1' title='bbox 204 313 261 389; x_wconf 83' lang='grc' dir='ltr'><strong>(ΠΙ,</strong></span> <span class='ocrx_word' id='word_1_2' title='bbox 281 317 306 390; x_wconf 86' lang='grc'>1,</span> <span class='ocrx_word' id='word_1_3' title='bbox 325 319 439 390; x_wconf 67' lang='grc'><strong>66-2,</strong></span> <span class='ocrx_word' id='word_1_4' title='bbox 458 317 502 390; x_wconf 75' lang='lat'>12)</span> <span class='ocrx_word' id='word_1_5' title='bbox 639 347 645 362; x_wconf 93' lang='lat'><strong>·</strong></span> <span class='ocrx_word' id='word_1_6' title='bbox 715 317 989 381; x_wconf 72' lang='lat' dir='ltr'>cunemannus,</span> 
     </span>
    </p>
   </div>
   <div class='ocr_carea' id='block_1_2' title="bbox 768 503 938 574">
    <p class='ocr_par' dir='ltr' id='par_1_2' title="bbox 768 503 938 574">
     <span class='ocr_line' id='line_1_2' title="bbox 768 503 938 574; baseline 0.012 -4"><span class='ocrx_word' id='word_1_7' title='bbox 768 503 938 574; x_wconf 73' lang='lat' dir='ltr'>sirmia</span> 
     </span>
    </p>
   </div>
   <div class='ocr_carea' id='block_1_3' title="bbox 312 611 1080 765">
    <p class='ocr_par' dir='ltr' id='par_1_3' title="bbox 312 611 1080 765">
     <span class='ocr_line' id='line_1_3' title="bbox 971 611 1080 678; baseline 0.018 -2"><span class='ocrx_word' id='word_1_8' title='bbox 971 611 1080 678; x_wconf 84' lang='lat' dir='ltr'>Ibitiu.</span> 
     </span>
     <span class='ocr_line' id='line_1_4' title="bbox 312 695 739 765; baseline 0 -2"><span class='ocrx_word' id='word_1_9' title='bbox 312 698 360 763; x_wconf 86' lang='lat' dir='ltr'>Ne</span> <span class='ocrx_word' id='word_1_10' title='bbox 382 716 433 762; x_wconf 88' lang='lat' dir='ltr'>me</span> <span class='ocrx_word' id='word_1_11' title='bbox 456 695 574 763; x_wconf 74' lang='lat' dir='ltr'>merari</span> <span class='ocrx_word' id='word_1_12' title='bbox 596 697 739 765; x_wconf 72' lang='lat' dir='ltr'>censeas.</span> 
     </span>
    </p>
   </div>
   <div class='ocr_carea' id='block_1_4' title="bbox 744 821 1243 1012">
    <p class='ocr_par' dir='ltr' id='par_1_4' title="bbox 744 821 1243 1012">
     <span class='ocr_line' id='line_1_5' title="bbox 744 821 954 888; baseline 0.005 -1"><span class='ocrx_word' id='word_1_13' title='bbox 744 821 954 888; x_wconf 76' lang='lat' dir='ltr'>Asummmr.</span> 
     </span>
     <span class='ocr_line' id='line_1_6' title="bbox 1013 927 1243 1012; baseline 0.022 -19"><span class='ocrx_word' id='word_1_14' title='bbox 1013 927 1134 1012; x_wconf 80' lang='lat' dir='ltr'>Lepide</span> <span class='ocrx_word' id='word_1_15' title='bbox 1156 930 1243 998; x_wconf 86' lang='lat' dir='ltr'>facis.</span> 
     </span>
    </p>
   </div>
   <div class='ocr_carea' id='block_1_5' title="bbox 605 1086 1101 1156">
    <p class='ocr_par' dir='ltr' id='par_1_5' title="bbox 605 1086 1101 1156">
     <span class='ocr_line' id='line_1_7' title="bbox 605 1086 1101 1156; baseline 0.006 -4"><span class='ocrx_word' id='word_1_16' title='bbox 605 1086 844 1154; x_wconf 69' lang='lat' dir='ltr'>spanianum.</span> <span class='ocrx_word' id='word_1_17' title='bbox 889 1088 1101 1156; x_wconf 64' lang='lat' dir='ltr'>aerumna.</span> 
     </span>
    </p>
   </div>
   <div class='ocr_carea' id='block_1_6' title="bbox 310 1211 1093 1824">
    <p class='ocr_par' dir='ltr' id='par_1_6' title="bbox 310 1211 1093 1824">
     <span class='ocr_line' id='line_1_8' title="bbox 734 1211 973 1277; baseline 0.004 -1"><span class='ocrx_word' id='word_1_18' title='bbox 734 1211 973 1277; x_wconf 78' lang='lat' dir='ltr'>Sunnrmnnx.</span> 
     </span>
     <span class='ocr_line' id='line_1_9' title="bbox 310 1315 925 1397; baseline 0.002 -17"><span class='ocrx_word' id='word_1_19' title='bbox 310 1315 422 1381; x_wconf 87' lang='lat' dir='ltr'><strong>Mirum</strong></span> <span class='ocrx_word' id='word_1_20' title='bbox 444 1315 577 1397; x_wconf 76' lang='lat' dir='ltr'>videtur,</span> <span class='ocrx_word' id='word_1_21' title='bbox 601 1336 671 1383; x_wconf 90' lang='lat' dir='ltr'>rure</span> <span class='ocrx_word' id='word_1_22' title='bbox 694 1317 804 1382; x_wconf 89' lang='lat' dir='ltr'>erilem</span> <span class='ocrx_word' id='word_1_23' title='bbox 826 1317 925 1381; x_wconf 82' lang='lat' dir='ltr'>filium</span> 
     </span>
     <span class='ocr_line' id='line_1_10' title="bbox 310 1420 1072 1505; baseline 0.004 -19"><span class='ocrx_word' id='word_1_24' title='bbox 310 1420 495 1487; x_wconf 79' lang='lat' dir='ltr'>Strabacem</span> <span class='ocrx_word' id='word_1_25' title='bbox 517 1423 581 1487; x_wconf 85' lang='lat' dir='ltr'>nbn</span> <span class='ocrx_word' id='word_1_26' title='bbox 603 1420 734 1505; x_wconf 80' lang='lat' dir='ltr'>redisse,</span> <span class='ocrx_word' id='word_1_27' title='bbox 758 1423 821 1488; x_wconf 92' lang='lat' dir='ltr'>nisi</span> <span class='ocrx_word' id='word_1_28' title='bbox 843 1423 871 1488; x_wconf 88' lang='lat' dir='ltr'>si</span> <span class='ocrx_word' id='word_1_29' title='bbox 893 1422 1072 1490; x_wconf 80' lang='lat' dir='ltr'>clanculum</span> 
     </span>
     <span class='ocr_line' id='line_1_11' title="bbox 310 1526 1047 1611; baseline 0.007 -19"><span class='ocrx_word' id='word_1_30' title='bbox 310 1527 489 1610; x_wconf 82' lang='lat' dir='ltr'>Conlapsus</span> <span class='ocrx_word' id='word_1_31' title='bbox 512 1528 561 1594; x_wconf 76' lang='lat' dir='ltr'>cst</span> <span class='ocrx_word' id='word_1_32' title='bbox 582 1526 632 1592; x_wconf 89' lang='lat' dir='ltr'>hic</span> <span class='ocrx_word' id='word_1_33' title='bbox 654 1528 688 1593; x_wconf 91' lang='lat' dir='ltr'>in</span> <span class='ocrx_word' id='word_1_34' title='bbox 710 1529 923 1611; x_wconf 86' lang='lat' dir='ltr'>ccrniptelam</span> <span class='ocrx_word' id='word_1_35' title='bbox 947 1529 1047 1597; x_wconf 75' lang='lat' dir='ltr'>suam.</span> 
     </span>
     <span class='ocr_line' id='line_1_12' title="bbox 744 1634 957 1700; baseline 0.005 -2"><span class='ocrx_word' id='word_1_36' title='bbox 744 1634 957 1700; x_wconf 71' lang='lat' dir='ltr'>Asmurnam.</span> 
     </span>
     <span class='ocr_line' id='line_1_13' title="bbox 315 1737 1093 1824; baseline 0.003 -21"><span class='ocrx_word' id='word_1_37' title='bbox 315 1737 387 1804; x_wconf 89' lang='lat' dir='ltr'>Jam</span> <span class='ocrx_word' id='word_1_38' title='bbox 410 1738 465 1820; x_wconf 81' lang='lat' dir='ltr'>pel</span> <span class='ocrx_word' id='word_1_39' title='bbox 487 1737 553 1803; x_wconf 90' lang='lat' dir='ltr'>illic</span> <span class='ocrx_word' id='word_1_40' title='bbox 575 1737 768 1820; x_wconf 88' lang='lat' dir='ltr'>inclamabit,</span> <span class='ocrx_word' id='word_1_41' title='bbox 792 1738 843 1803; x_wconf 80' lang='lat' dir='ltr'>me</span> <span class='ocrx_word' id='word_1_42' title='bbox 866 1740 893 1804; x_wconf 90' lang='lat' dir='ltr'>si</span> <span class='ocrx_word' id='word_1_43' title='bbox 917 1742 1093 1824; x_wconf 83' lang='lat' dir='ltr'>aspexerit.</span> 
     </span>
    </p>
   </div>
   <div class='ocr_carea' id='block_1_7' title="bbox 311 1861 1502 2652">
    <p class='ocr_par' dir='ltr' id='par_1_7' title="bbox 311 1861 1502 2652">
     <span class='ocr_line' id='line_1_14' title="bbox 727 1861 967 1929; baseline 0.008 -3"><span class='ocrx_word' id='word_1_44' title='bbox 727 1861 967 1929; x_wconf 76' lang='lat' dir='ltr'>Sumuucnax.</span> 
     </span>
     <span class='ocr_line' id='line_1_15' title="bbox 311 1948 492 2028; baseline -0.017 -11"><span class='ocrx_word' id='word_1_45' title='bbox 311 1948 395 2028; x_wconf 85' lang='lat' dir='ltr'><strong>Quid</strong></span> <span class='ocrx_word' id='word_1_46' title='bbox 417 1949 492 2015; x_wconf 78' lang='lat' dir='ltr'>vis?</span> 
     </span>
     <span class='ocr_line' id='line_1_16' title="bbox 745 2057 956 2125; baseline 0.019 -5"><span class='ocrx_word' id='word_1_47' title='bbox 745 2057 956 2125; x_wconf 75' lang='lat' dir='ltr'>Asuanmuu.</span> 
     </span>
     <span class='ocr_line' id='line_1_17' title="bbox 489 2160 824 2244; baseline -0.003 -18"><span class='ocrx_word' id='word_1_48' title='bbox 489 2183 491 2188; x_wconf 92' lang='lat'>·</span> <span class='ocrx_word' id='word_1_49' title='bbox 534 2160 704 2244; x_wconf 77' lang='lat' dir='ltr'>Exspecto.</span> <span class='ocrx_word' id='word_1_50' title='bbox 822 2209 824 2216; x_wconf 85' lang='lat'><strong>.</strong></span> 
     </span>
     <span class='ocr_line' id='line_1_18' title="bbox 729 2266 968 2332; baseline 0 0"><span class='ocrx_word' id='word_1_51' title='bbox 729 2266 968 2332; x_wconf 70' lang='lat' dir='ltr'>sumentem.</span> 
     </span>
     <span class='ocr_line' id='line_1_19' title="bbox 762 2370 869 2450; baseline -0.019 -12"><span class='ocrx_word' id='word_1_52' title='bbox 762 2370 869 2450; x_wconf 73' lang='lat' dir='ltr'>Quid?</span> 
     </span>
     <span class='ocr_line' id='line_1_20' title="bbox 744 2478 954 2544; baseline 0.014 -3"><span class='ocrx_word' id='word_1_53' title='bbox 744 2478 954 2544; x_wconf 75' lang='lat' dir='ltr'>Asuanmuu.</span> 
     </span>
     <span class='ocr_line' id='line_1_21' title="bbox 934 2567 1502 2652; baseline -0.009 -2"><span class='ocrx_word' id='word_1_54' title='bbox 934 2582 1038 2650; x_wconf 81' lang='lat' dir='ltr'>Tuam</span> <span class='ocrx_word' id='word_1_55' title='bbox 1057 2567 1290 2652; x_wconf 75' lang='lat' dir='ltr'>truculentiam.</span> <span class='ocrx_word' id='word_1_56' title='bbox 1464 2577 1502 2646; x_wconf 85' lang='lat'>(5)</span> 
     </span>
    </p>
   </div>
   <div class='ocr_carea' id='block_1_8' title="bbox 236 2706 1283 3317">
    <p class='ocr_par' dir='ltr' id='par_1_8' title="bbox 236 2706 1283 3317">
     <span class='ocr_line' id='line_1_22' title="bbox 731 2706 971 2774; baseline 0.004 -1"><span class='ocrx_word' id='word_1_57' title='bbox 731 2706 971 2774; x_wconf 71' lang='lat' dir='ltr'>Susannam.</span> 
     </span>
     <span class='ocr_line' id='line_1_23' title="bbox 308 2809 1283 2896; baseline 0.004 -20"><span class='ocrx_word' id='word_1_58' title='bbox 308 2809 411 2876; x_wconf 85' lang='lat' dir='ltr'>Nimio</span> <span class='ocrx_word' id='word_1_59' title='bbox 434 2811 537 2877; x_wconf 89' lang='lat' dir='ltr'>minus</span> <span class='ocrx_word' id='word_1_60' title='bbox 561 2812 676 2878; x_wconf 78' lang='lat' dir='ltr'>saevos</span> <span class='ocrx_word' id='word_1_61' title='bbox 697 2814 762 2879; x_wconf 90' lang='lat' dir='ltr'>iam</span> <span class='ocrx_word' id='word_1_62' title='bbox 785 2833 864 2893; x_wconf 89' lang='lat' dir='ltr'>sum,</span> <span class='ocrx_word' id='word_1_63' title='bbox 886 2812 1085 2895; x_wconf 79' lang='lat' dir='ltr'>Astaphium,</span> <span class='ocrx_word' id='word_1_64' title='bbox 1111 2833 1206 2896; x_wconf 89' lang='lat' dir='ltr'>quam</span> <span class='ocrx_word' id='word_1_65' title='bbox 1229 2815 1283 2882; x_wconf 90' lang='lat' dir='ltr'>fui.</span> 
     </span>
     <span class='ocr_line' id='line_1_24' title="bbox 236 2917 1114 3011; baseline 0.003 -30"><span class='ocrx_word' id='word_1_66' title='bbox 236 3005 239 3011; x_wconf 24' lang='grc' dir='ltr'>Ι</span> <span class='ocrx_word' id='word_1_67' title='bbox 307 2918 441 2983; x_wconf 89' lang='lat' dir='ltr'>Iamiam</span> <span class='ocrx_word' id='word_1_68' title='bbox 463 2938 525 2982; x_wconf 87' lang='lat' dir='ltr'>nen</span> <span class='ocrx_word' id='word_1_69' title='bbox 549 2919 618 2984; x_wconf 83' lang='lat' dir='ltr'>siim</span> <span class='ocrx_word' id='word_1_70' title='bbox 640 2920 847 2984; x_wconf 89' lang='lat' dir='ltr'>truculentus:</span> <span class='ocrx_word' id='word_1_71' title='bbox 877 2917 942 2983; x_wconf 82' lang='lat' dir='ltr'>nbli</span> <span class='ocrx_word' id='word_1_72' title='bbox 965 2918 1114 2984; x_wconf 75' lang='lat' dir='ltr'>metuere.</span> 
     </span>
     <span class='ocr_line' id='line_1_25' title="bbox 308 3023 1136 3106; baseline 0.004 -20"><span class='ocrx_word' id='word_1_73' title='bbox 308 3023 378 3105; x_wconf 89' lang='lat' dir='ltr'>Dic,</span> <span class='ocrx_word' id='word_1_74' title='bbox 401 3024 523 3106; x_wconf 77' lang='lat' dir='ltr'>impera</span> <span class='ocrx_word' id='word_1_75' title='bbox 545 3023 622 3088; x_wconf 92' lang='lat' dir='ltr'>mihi</span> <span class='ocrx_word' id='word_1_76' title='bbox 645 3023 793 3106; x_wconf 88' lang='lat' dir='ltr'>quidvis</span> <span class='ocrx_word' id='word_1_77' title='bbox 816 3024 848 3090; x_wconf 78' lang='lat' dir='ltr'>ct</span> <span class='ocrx_word' id='word_1_78' title='bbox 870 3042 933 3106; x_wconf 91' lang='lat' dir='ltr'>quc</span> <span class='ocrx_word' id='word_1_79' title='bbox 955 3024 1006 3089; x_wconf 82' lang='lat' dir='ltr'>ris</span> <span class='ocrx_word' id='word_1_80' title='bbox 1033 3023 1136 3089; x_wconf 82' lang='lat' dir='ltr'>mcdb.</span> 
     </span>
     <span class='ocr_line' id='line_1_26' title="bbox 307 3127 1104 3218; baseline 0 -25"><span class='ocrx_word' id='word_1_81' title='bbox 307 3129 414 3196; x_wconf 85' lang='lat' dir='ltr'>Novcs</span> <span class='ocrx_word' id='word_1_82' title='bbox 437 3129 539 3195; x_wconf 86' lang='lat' dir='ltr'>omnis</span> <span class='ocrx_word' id='word_1_83' title='bbox 561 3129 664 3195; x_wconf 85' lang='lat' dir='ltr'>mbres</span> <span class='ocrx_word' id='word_1_84' title='bbox 686 3128 800 3212; x_wconf 85' lang='lat' dir='ltr'>habeo,</span> <span class='ocrx_word' id='word_1_85' title='bbox 823 3129 946 3218; x_wconf 76' lang='lat' dir='ltr'>veteres</span> <span class='ocrx_word' id='word_1_86' title='bbox 969 3127 1104 3211; x_wconf 88' lang='lat' dir='ltr'>perdidi.</span> 
     </span>
     <span class='ocr_line' id='line_1_27' title="bbox 306 3233 1126 3317; baseline 0.002 -19"><span class='ocrx_word' id='word_1_87' title='bbox 306 3233 365 3298; x_wconf 92' lang='lat' dir='ltr'>Vel</span> <span class='ocrx_word' id='word_1_88' title='bbox 388 3254 497 3300; x_wconf 87' lang='lat' dir='ltr'>amare</span> <span class='ocrx_word' id='word_1_89' title='bbox 519 3234 659 3317; x_wconf 85' lang='lat' dir='ltr'>pbssum,</span> <span class='ocrx_word' id='word_1_90' title='bbox 682 3235 734 3300; x_wconf 88' lang='lat' dir='ltr'>vel</span> <span class='ocrx_word' id='word_1_91' title='bbox 755 3235 820 3298; x_wconf 90' lang='lat' dir='ltr'>iam</span> <span class='ocrx_word' id='word_1_92' title='bbox 842 3234 979 3312; x_wconf 83' lang='lat' dir='ltr'>sebrtum</span> <span class='ocrx_word' id='word_1_93' title='bbox 1003 3234 1126 3301; x_wconf 77' lang='lat' dir='ltr'>ducere.</span> 
     </span>
    </p>
   </div>
   <div class='ocr_carea' id='block_1_9' title="bbox 740 3358 953 3423">
    <p class='ocr_par' dir='ltr' id='par_1_9' title="bbox 740 3358 953 3423">
     <span class='ocr_line' id='line_1_28' title="bbox 740 3358 953 3423; baseline 0 -1"><span class='ocrx_word' id='word_1_94' title='bbox 740 3358 953 3423; x_wconf 76' lang='lat' dir='ltr'>Asuannrun.</span> 
     </span>
    </p>
   </div>
   <div class='ocr_carea' id='block_1_10' title="bbox 307 3457 1037 3562">
    <p class='ocr_par' dir='ltr' id='par_1_10' title="bbox 307 3457 1037 3562">
     <span class='ocr_line' id='line_1_29' title="bbox 307 3457 1037 3562; baseline -0.003 -33"><span class='ocrx_word' id='word_1_95' title='bbox 307 3457 427 3547; x_wconf 82' lang='lat' dir='ltr'><strong>Lepide</strong></span> <span class='ocrx_word' id='word_1_96' title='bbox 449 3464 608 3562; x_wconf 75' lang='lat' dir='ltr'>mecastor</span> <span class='ocrx_word' id='word_1_97' title='bbox 626 3464 768 3531; x_wconf 68' lang='lat' dir='ltr'>nunciis.</span> <span class='ocrx_word' id='word_1_98' title='bbox 791 3463 849 3530; x_wconf 89' lang='lat' dir='ltr'>sed</span> <span class='ocrx_word' id='word_1_99' title='bbox 873 3463 923 3530; x_wconf 87' lang='lat' dir='ltr'>dic</span> <span class='ocrx_word' id='word_1_100' title='bbox 946 3462 1037 3528; x_wconf 88' lang='lat' dir='ltr'>mihi:</span> 
     </span>
    </p>
   </div>
   <div class='ocr_carea' id='block_1_11' title="bbox 307 3569 988 3722">
    <p class='ocr_par' dir='ltr' id='par_1_11' title="bbox 307 3569 988 3722">
     <span class='ocr_line' id='line_1_30' title="bbox 307 3569 444 3635; baseline 0.022 -3"><span class='ocrx_word' id='word_1_101' title='bbox 307 3569 444 3635; x_wconf 82' lang='lat' dir='ltr'>Haben?</span> 
     </span>
     <span class='ocr_line' id='line_1_31' title="bbox 749 3657 988 3722; baseline 0 0"><span class='ocrx_word' id='word_1_102' title='bbox 749 3657 988 3722; x_wconf 69' lang='lat' dir='ltr'><strong>STRATULLAX.</strong></span> 
     </span>
    </p>
   </div>
   <div class='ocr_carea' id='block_1_12' title="bbox 478 3759 1043 3830">
    <p class='ocr_par' dir='ltr' id='par_1_12' title="bbox 478 3759 1043 3830">
     <span class='ocr_line' id='line_1_32' title="bbox 478 3759 1043 3830; baseline -0.004 -2"><span class='ocrx_word' id='word_1_103' title='bbox 478 3762 662 3830; x_wconf 76' lang='lat' dir='ltr'>Peniculum</span> <span class='ocrx_word' id='word_1_104' title='bbox 684 3768 715 3828; x_wconf 88' lang='lat' dir='ltr'>te</span> <span class='ocrx_word' id='word_1_105' title='bbox 736 3762 872 3830; x_wconf 77' lang='lat' dir='ltr'>fortasse</span> <span class='ocrx_word' id='word_1_106' title='bbox 895 3759 1010 3828; x_wconf 72' lang='lat' dir='ltr'>dicere.</span> <span class='ocrx_word' id='word_1_107' title='bbox 1040 3768 1043 3776; x_wconf 88' lang='lat'>&#39;</span> 
     </span>
    </p>
   </div>
   <div class='ocr_carea' id='block_1_13' title="bbox 94 4053 1585 5010">
    <p class='ocr_par' dir='ltr' id='par_1_13' title="bbox 198 4053 1585 4393">
     <span class='ocr_line' id='line_1_33' title="bbox 268 4053 1497 4127; baseline 0 -14"><span class='ocrx_word' id='word_1_108' title='bbox 268 4055 302 4116; x_wconf 88' lang='lat' dir='ltr'>V.</span> <span class='ocrx_word' id='word_1_109' title='bbox 326 4057 519 4117; x_wconf 85' lang='lat' dir='ltr'>Truculentus.</span> <span class='ocrx_word' id='word_1_110' title='bbox 547 4057 720 4127; x_wconf 84' lang='lat' dir='ltr'>Astaphium.</span> <span class='ocrx_word' id='word_1_111' title='bbox 749 4057 902 4116; x_wconf 84' lang='lat' dir='ltr'><strong>SERVVS.</strong></span> <span class='ocrx_word' id='word_1_112' title='bbox 929 4056 1097 4120; x_wconf 77' lang='lat' dir='ltr'><strong>ANOILLA.</strong></span> <span class='ocrx_word' id='word_1_113' title='bbox 1124 4055 1159 4113; x_wconf 92' lang='lat' dir='ltr'>D.</span> <span class='ocrx_word' id='word_1_114' title='bbox 1182 4053 1355 4124; x_wconf 84' lang='lat' dir='ltr'>Astaphium.</span> <span class='ocrx_word' id='word_1_115' title='bbox 1386 4055 1497 4113; x_wconf 88' lang='lat' dir='ltr'>Seruus.</span> 
     </span>
     <span class='ocr_line' id='line_1_34' title="bbox 198 4135 1500 4216; baseline -0.002 -15"><span class='ocrx_word' id='word_1_116' title='bbox 198 4147 316 4204; x_wconf 83' lang='lat' dir='ltr'>Ancilla.</span> <span class='ocrx_word' id='word_1_117' title='bbox 334 4147 365 4204; x_wconf 93' lang='lat' dir='ltr'>P.</span> <span class='ocrx_word' id='word_1_118' title='bbox 386 4145 526 4204; x_wconf 84' lang='lat' dir='ltr'>Stratilax.</span> <span class='ocrx_word' id='word_1_119' title='bbox 545 4146 725 4216; x_wconf 87' lang='lat' dir='ltr'>Ascaphium.</span> <span class='ocrx_word' id='word_1_120' title='bbox 779 4147 840 4202; x_wconf 81' lang='grc'><strong>667.</strong></span> <span class='ocrx_word' id='word_1_121' title='bbox 858 4146 893 4202; x_wconf 93' lang='lat' dir='ltr'>V.</span> <span class='ocrx_word' id='word_1_122' title='bbox 912 4147 946 4204; x_wconf 92' lang='lat' dir='ltr'>D.</span> <span class='ocrx_word' id='word_1_123' title='bbox 966 4146 1030 4202; x_wconf 91' lang='lat' dir='ltr'>ruri.</span> <span class='ocrx_word' id='word_1_124' title='bbox 1084 4145 1145 4202; x_wconf 85' lang='lat'><strong>658.</strong></span> <span class='ocrx_word' id='word_1_125' title='bbox 1164 4135 1195 4203; x_wconf 89' lang='lat' dir='ltr'>P.</span> <span class='ocrx_word' id='word_1_126' title='bbox 1218 4161 1271 4201; x_wconf 91' lang='lat' dir='ltr'>cm.</span> <span class='ocrx_word' id='word_1_127' title='bbox 1291 4145 1323 4200; x_wconf 89' lang='lat' dir='ltr'>si.</span> <span class='ocrx_word' id='word_1_128' title='bbox 1378 4147 1439 4203; x_wconf 90' lang='grc'><strong>660.</strong></span> <span class='ocrx_word' id='word_1_129' title='bbox 1458 4146 1500 4199; x_wconf 91' lang='lat' dir='ltr'>in-</span> 
     </span>
     <span class='ocr_line' id='line_1_35' title="bbox 198 4232 1498 4305; baseline 0 -17"><span class='ocrx_word' id='word_1_130' title='bbox 198 4234 329 4290; x_wconf 74' lang='lat' dir='ltr'>clamabit</span> <span class='ocrx_word' id='word_1_131' title='bbox 346 4250 390 4288; x_wconf 91' lang='lat' dir='ltr'>me</span> <span class='ocrx_word' id='word_1_132' title='bbox 408 4235 538 4290; x_wconf 86' lang='lat' dir='ltr'>Bothius:</span> <span class='ocrx_word' id='word_1_133' title='bbox 556 4235 636 4293; x_wconf 87' lang='lat' dir='ltr'>codd.</span> <span class='ocrx_word' id='word_1_134' title='bbox 655 4251 699 4290; x_wconf 90' lang='lat' dir='ltr'>me</span> <span class='ocrx_word' id='word_1_135' title='bbox 716 4234 890 4305; x_wconf 87' lang='lat' dir='ltr'>inclamabit,</span> <span class='ocrx_word' id='word_1_136' title='bbox 913 4234 968 4288; x_wconf 85' lang='lat' dir='ltr'>nisi</span> <span class='ocrx_word' id='word_1_137' title='bbox 991 4234 1066 4304; x_wconf 89' lang='lat' dir='ltr'>qued</span> <span class='ocrx_word' id='word_1_138' title='bbox 1083 4233 1117 4289; x_wconf 92' lang='lat' dir='ltr'>V.</span> <span class='ocrx_word' id='word_1_139' title='bbox 1137 4233 1171 4290; x_wconf 96' lang='lat' dir='ltr'>D.</span> <span class='ocrx_word' id='word_1_140' title='bbox 1195 4233 1362 4290; x_wconf 84' lang='lat' dir='ltr'>inclamauit.</span> <span class='ocrx_word' id='word_1_141' title='bbox 1390 4232 1498 4290; x_wconf 85' lang='lat' dir='ltr'>Deinde</span> 
     </span>
     <span class='ocr_line' id='line_1_36' title="bbox 198 4321 1585 4393; baseline -0.003 -15"><span class='ocrx_word' id='word_1_142' title='bbox 198 4322 232 4381; x_wconf 88' lang='lat' dir='ltr'>V.</span> <span class='ocrx_word' id='word_1_143' title='bbox 250 4323 284 4381; x_wconf 93' lang='lat' dir='ltr'>D.</span> <span class='ocrx_word' id='word_1_144' title='bbox 304 4339 333 4378; x_wconf 87' lang='lat' dir='ltr'>se</span> <span class='ocrx_word' id='word_1_145' title='bbox 350 4339 377 4392; x_wconf 82' lang='lat' dir='ltr'>p:</span> <span class='ocrx_word' id='word_1_146' title='bbox 398 4324 429 4391; x_wconf 90' lang='lat' dir='ltr'>si,</span> <span class='ocrx_word' id='word_1_147' title='bbox 448 4323 482 4380; x_wconf 90' lang='lat' dir='ltr'><strong>D.</strong></span> <span class='ocrx_word' id='word_1_148' title='bbox 502 4324 631 4393; x_wconf 80' lang='lat' dir='ltr'>assperit.</span> <span class='ocrx_word' id='word_1_149' title='bbox 649 4338 676 4381; x_wconf 88' lang='lat' dir='ltr'>v.</span> <span class='ocrx_word' id='word_1_150' title='bbox 695 4323 755 4392; x_wconf 90' lang='grc'><strong>661,</strong></span> <span class='ocrx_word' id='word_1_151' title='bbox 783 4322 837 4377; x_wconf 88' lang='lat' dir='ltr'>huc</span> <span class='ocrx_word' id='word_1_152' title='bbox 855 4322 1039 4390; x_wconf 88' lang='lat' dir='ltr'>transpositus</span> <span class='ocrx_word' id='word_1_153' title='bbox 1059 4321 1206 4391; x_wconf 88' lang='lat' dir='ltr'>aBothio,</span> <span class='ocrx_word' id='word_1_154' title='bbox 1225 4323 1255 4376; x_wconf 93' lang='lat' dir='ltr'>in</span> <span class='ocrx_word' id='word_1_155' title='bbox 1272 4321 1353 4380; x_wconf 87' lang='lat' dir='ltr'>codd.</span> <span class='ocrx_word' id='word_1_156' title='bbox 1373 4322 1499 4390; x_wconf 86' lang='lat' dir='ltr'>sequitur</span> <span class='ocrx_word' id='word_1_157' title='bbox 1578 4373 1585 4392; x_wconf 32' lang='grc' dir='ltr'><em>Ι</em></span> 
     </span>
    </p>

    <p class='ocr_par' dir='ltr' id='par_1_14' title="bbox 94 4410 1499 5010">
     <span class='ocr_line' id='line_1_37' title="bbox 94 4410 1498 4480; baseline 0.001 -18"><span class='ocrx_word' id='word_1_158' title='bbox 94 4454 98 4462; x_wconf 81' lang='grc'>,</span> <span class='ocrx_word' id='word_1_159' title='bbox 197 4416 262 4480; x_wconf 88' lang='lat' dir='ltr'>post</span> <span class='ocrx_word' id='word_1_160' title='bbox 280 4412 340 4469; x_wconf 83' lang='lat'><strong>663.</strong></span> <span class='ocrx_word' id='word_1_161' title='bbox 359 4411 394 4467; x_wconf 89' lang='lat' dir='ltr'><strong>V.</strong></span> <span class='ocrx_word' id='word_1_162' title='bbox 413 4411 447 4469; x_wconf 92' lang='lat' dir='ltr'><strong>D.</strong></span> <span class='ocrx_word' id='word_1_163' title='bbox 468 4411 523 4476; x_wconf 78' lang='lat' dir='ltr'>uui</span> <span class='ocrx_word' id='word_1_164' title='bbox 539 4416 615 4466; x_wconf 87' lang='lat' dir='ltr'>tuam</span> <span class='ocrx_word' id='word_1_165' title='bbox 634 4415 763 4480; x_wconf 86' lang='lat' dir='ltr'>expector</span> <span class='ocrx_word' id='word_1_166' title='bbox 780 4410 970 4467; x_wconf 84' lang='lat' dir='ltr'>esculentiam.</span> <span class='ocrx_word' id='word_1_167' title='bbox 990 4412 1021 4468; x_wconf 92' lang='lat' dir='ltr'><strong>P.</strong></span> <span class='ocrx_word' id='word_1_168' title='bbox 1038 4411 1131 4476; x_wconf 78' lang='lat' dir='ltr'>Quid?</span> <span class='ocrx_word' id='word_1_169' title='bbox 1148 4414 1226 4464; x_wconf 89' lang='lat' dir='ltr'>tuam</span> <span class='ocrx_word' id='word_1_170' title='bbox 1244 4414 1343 4478; x_wconf 81' lang='lat' dir='ltr'>expete</span> <span class='ocrx_word' id='word_1_171' title='bbox 1361 4411 1498 4466; x_wconf 86' lang='lat' dir='ltr'>truculen-</span> 
     </span>
     <span class='ocr_line' id='line_1_38' title="bbox 198 4489 1499 4568; baseline 0.003 -16"><span class='ocrx_word' id='word_1_172' title='bbox 198 4501 273 4557; x_wconf 88' lang='lat' dir='ltr'>tiam.</span> <span class='ocrx_word' id='word_1_173' title='bbox 294 4489 397 4568; x_wconf 81' lang='lat' dir='ltr'>Scripsi</span> <span class='ocrx_word' id='word_1_174' title='bbox 414 4501 554 4567; x_wconf 83' lang='lat' dir='ltr'>Exspecta</span> <span class='ocrx_word' id='word_1_175' title='bbox 566 4531 598 4540; x_wconf 85' lang='lat'>-</span> <span class='ocrx_word' id='word_1_176' title='bbox 610 4499 702 4564; x_wconf 77' lang='lat' dir='ltr'>Quid?</span> <span class='ocrx_word' id='word_1_177' title='bbox 722 4528 755 4541; x_wconf 80' lang='lat'>-</span> <span class='ocrx_word' id='word_1_178' title='bbox 774 4498 863 4552; x_wconf 82' lang='lat' dir='ltr'>Tuam</span> <span class='ocrx_word' id='word_1_179' title='bbox 881 4489 1081 4556; x_wconf 80' lang='lat' dir='ltr'>truculentiam.</span> <span class='ocrx_word' id='word_1_180' title='bbox 1119 4498 1179 4554; x_wconf 79' lang='lat'><strong>662.</strong></span> <span class='ocrx_word' id='word_1_181' title='bbox 1198 4495 1232 4552; x_wconf 92' lang='lat' dir='ltr'><strong>V.</strong></span> <span class='ocrx_word' id='word_1_182' title='bbox 1246 4497 1280 4551; x_wconf 95' lang='lat' dir='ltr'><strong>D.</strong></span> <span class='ocrx_word' id='word_1_183' title='bbox 1299 4497 1383 4552; x_wconf 85' lang='lat' dir='ltr'>inisse</span> <span class='ocrx_word' id='word_1_184' title='bbox 1402 4513 1453 4553; x_wconf 88' lang='lat' dir='ltr'>uos</span> <span class='ocrx_word' id='word_1_185' title='bbox 1471 4513 1499 4566; x_wconf 92' lang='lat' dir='ltr'>p.</span> 
     </span>
     <span class='ocr_line' id='line_1_39' title="bbox 197 4585 1497 4657; baseline 0.002 -17"><span class='ocrx_word' id='word_1_186' title='bbox 197 4588 289 4644; x_wconf 90' lang='lat' dir='ltr'>minus</span> <span class='ocrx_word' id='word_1_187' title='bbox 308 4603 412 4645; x_wconf 84' lang='lat' dir='ltr'>saevos.</span> <span class='ocrx_word' id='word_1_188' title='bbox 430 4589 465 4642; x_wconf 91' lang='lat' dir='ltr'><strong>D.</strong></span> <span class='ocrx_word' id='word_1_189' title='bbox 485 4587 639 4657; x_wconf 85' lang='lat' dir='ltr'>astaphum.</span> <span class='ocrx_word' id='word_1_190' title='bbox 657 4589 688 4645; x_wconf 93' lang='lat' dir='ltr'>P.</span> <span class='ocrx_word' id='word_1_191' title='bbox 707 4587 754 4656; x_wconf 93' lang='lat' dir='ltr'>qui</span> <span class='ocrx_word' id='word_1_192' title='bbox 772 4603 799 4656; x_wconf 90' lang='lat' dir='ltr'>p.</span> <span class='ocrx_word' id='word_1_193' title='bbox 817 4600 909 4654; x_wconf 88' lang='lat' dir='ltr'>quam.</span> <span class='ocrx_word' id='word_1_194' title='bbox 964 4587 1025 4644; x_wconf 86' lang='grc'><strong>663.</strong></span> <span class='ocrx_word' id='word_1_195' title='bbox 1044 4585 1124 4644; x_wconf 84' lang='lat' dir='ltr'>codd.</span> <span class='ocrx_word' id='word_1_196' title='bbox 1143 4585 1201 4639; x_wconf 88' lang='lat' dir='ltr'>Iam</span> <span class='ocrx_word' id='word_1_197' title='bbox 1219 4600 1247 4652; x_wconf 92' lang='lat' dir='ltr'>p.</span> <span class='ocrx_word' id='word_1_198' title='bbox 1266 4586 1389 4644; x_wconf 87' lang='lat' dir='ltr'>Iamiam.</span> <span class='ocrx_word' id='word_1_199' title='bbox 1408 4586 1443 4644; x_wconf 89' lang='lat' dir='ltr'>V.</span> <span class='ocrx_word' id='word_1_200' title='bbox 1462 4585 1497 4644; x_wconf 94' lang='lat' dir='ltr'>D.</span> 
     </span>
     <span class='ocr_line' id='line_1_40' title="bbox 197 4673 1498 4744; baseline 0 -14"><span class='ocrx_word' id='word_1_201' title='bbox 197 4675 336 4734; x_wconf 87' lang='lat' dir='ltr'>metueris.</span> <span class='ocrx_word' id='word_1_202' title='bbox 390 4677 451 4731; x_wconf 89' lang='grc'><strong>664.</strong></span> <span class='ocrx_word' id='word_1_203' title='bbox 474 4676 508 4735; x_wconf 93' lang='lat' dir='ltr'>V.</span> <span class='ocrx_word' id='word_1_204' title='bbox 531 4677 565 4733; x_wconf 94' lang='lat' dir='ltr'>D.</span> <span class='ocrx_word' id='word_1_205' title='bbox 588 4677 718 4744; x_wconf 82' lang='lat' dir='ltr'>incipere.</span> <span class='ocrx_word' id='word_1_206' title='bbox 742 4675 820 4732; x_wconf 88' lang='lat' dir='ltr'>codd.</span> <span class='ocrx_word' id='word_1_207' title='bbox 849 4687 943 4730; x_wconf 89' lang='lat' dir='ltr'>omncs</span> <span class='ocrx_word' id='word_1_208' title='bbox 971 4673 1038 4742; x_wconf 85' lang='lat' dir='ltr'>quid</span> <span class='ocrx_word' id='word_1_209' title='bbox 1060 4675 1110 4730; x_wconf 93' lang='lat' dir='ltr'>tibi</span> <span class='ocrx_word' id='word_1_210' title='bbox 1133 4689 1161 4742; x_wconf 90' lang='lat' dir='ltr'>p.</span> <span class='ocrx_word' id='word_1_211' title='bbox 1184 4673 1252 4742; x_wconf 88' lang='lat' dir='ltr'>quid</span> <span class='ocrx_word' id='word_1_212' title='bbox 1280 4674 1333 4730; x_wconf 75' lang='lat' dir='ltr'>vit.</span> <span class='ocrx_word' id='word_1_213' title='bbox 1387 4675 1448 4732; x_wconf 90' lang='grc'><strong>666.</strong></span> <span class='ocrx_word' id='word_1_214' title='bbox 1467 4675 1498 4732; x_wconf 85' lang='grc' dir='ltr'>Ρ.</span> 
     </span>
     <span class='ocr_line' id='line_1_41' title="bbox 197 4762 1496 4834; baseline -0.002 -16"><span class='ocrx_word' id='word_1_215' title='bbox 197 4766 289 4822; x_wconf 86' lang='lat' dir='ltr'>etiam.</span> <span class='ocrx_word' id='word_1_216' title='bbox 307 4763 342 4821; x_wconf 76' lang='lat' dir='ltr'>V.</span> <span class='ocrx_word' id='word_1_217' title='bbox 360 4763 460 4824; x_wconf 82' lang='lat' dir='ltr'>(licere.</span> <span class='ocrx_word' id='word_1_218' title='bbox 514 4765 575 4822; x_wconf 88' lang='grc'><strong>668.</strong></span> <span class='ocrx_word' id='word_1_219' title='bbox 593 4765 627 4821; x_wconf 94' lang='lat' dir='ltr'>V.</span> <span class='ocrx_word' id='word_1_220' title='bbox 645 4764 680 4819; x_wconf 93' lang='lat' dir='ltr'>D.</span> <span class='ocrx_word' id='word_1_221' title='bbox 698 4763 817 4834; x_wconf 89' lang='lat' dir='ltr'>Habent,</span> <span class='ocrx_word' id='word_1_222' title='bbox 835 4763 866 4821; x_wconf 92' lang='lat' dir='ltr'>P.</span> <span class='ocrx_word' id='word_1_223' title='bbox 885 4764 975 4820; x_wconf 89' lang='lat' dir='ltr'>Anne.</span> <span class='ocrx_word' id='word_1_224' title='bbox 1004 4762 1113 4818; x_wconf 85' lang='lat' dir='ltr'>Deinde</span> <span class='ocrx_word' id='word_1_225' title='bbox 1131 4762 1212 4819; x_wconf 82' lang='lat' dir='ltr'>cedd.</span> <span class='ocrx_word' id='word_1_226' title='bbox 1231 4775 1326 4816; x_wconf 88' lang='lat' dir='ltr'>omncs</span> <span class='ocrx_word' id='word_1_227' title='bbox 1344 4763 1496 4830; x_wconf 80' lang='lat' dir='ltr'>parasitum</span> 
     </span>
     <span class='ocr_line' id='line_1_42' title="bbox 197 4849 1494 4925; baseline -0.002 -18"><span class='ocrx_word' id='word_1_228' title='bbox 197 4867 224 4922; x_wconf 90' lang='lat' dir='ltr'>p.</span> <span class='ocrx_word' id='word_1_229' title='bbox 243 4851 409 4925; x_wconf 88' lang='lat' dir='ltr'>peniculum,</span> <span class='ocrx_word' id='word_1_230' title='bbox 428 4851 504 4922; x_wconf 87' lang='lat' dir='ltr'>quod</span> <span class='ocrx_word' id='word_1_231' title='bbox 520 4852 630 4907; x_wconf 89' lang='lat' dir='ltr'>videtur</span> <span class='ocrx_word' id='word_1_232' title='bbox 647 4856 737 4906; x_wconf 91' lang='lat' dir='ltr'>ortum</span> <span class='ocrx_word' id='word_1_233' title='bbox 755 4867 818 4908; x_wconf 87' lang='lat' dir='ltr'>esse</span> <span class='ocrx_word' id='word_1_234' title='bbox 840 4865 875 4906; x_wconf 86' lang='lat' dir='ltr'>ex</span> <span class='ocrx_word' id='word_1_235' title='bbox 896 4850 1094 4922; x_wconf 81' lang='lat' dir='ltr'>Menaechmis,</span> <span class='ocrx_word' id='word_1_236' title='bbox 1117 4851 1165 4908; x_wconf 90' lang='lat' dir='ltr'>ubi</span> <span class='ocrx_word' id='word_1_237' title='bbox 1183 4849 1332 4908; x_wconf 81' lang='lat' dir='ltr'>Peniculus</span> <span class='ocrx_word' id='word_1_238' title='bbox 1354 4849 1494 4918; x_wconf 81' lang='lat' dir='ltr'>parasitus</span> 
     </span>
     <span class='ocr_line' id='line_1_43' title="bbox 198 4939 985 5010; baseline 0.001 -14"><span class='ocrx_word' id='word_1_239' title='bbox 198 4944 298 4999; x_wconf 85' lang='lat' dir='ltr'>exstat.</span> <span class='ocrx_word' id='word_1_240' title='bbox 325 4940 451 5010; x_wconf 87' lang='lat' dir='ltr'>Denique</span> <span class='ocrx_word' id='word_1_241' title='bbox 470 4940 549 4998; x_wconf 85' lang='lat' dir='ltr'>codd.</span> <span class='ocrx_word' id='word_1_242' title='bbox 569 4955 664 4995; x_wconf 86' lang='lat' dir='ltr'>ornnes</span> <span class='ocrx_word' id='word_1_243' title='bbox 682 4944 711 4995; x_wconf 92' lang='lat' dir='ltr'>et</span> <span class='ocrx_word' id='word_1_244' title='bbox 728 4955 755 5008; x_wconf 96' lang='lat' dir='ltr'>p.</span> <span class='ocrx_word' id='word_1_245' title='bbox 773 4943 810 4998; x_wconf 91' lang='lat' dir='ltr'>te.</span> <span class='ocrx_word' id='word_1_246' title='bbox 827 4939 859 4996; x_wconf 91' lang='lat' dir='ltr'>P.</span> <span class='ocrx_word' id='word_1_247' title='bbox 877 4939 985 4998; x_wconf 83' lang='lat' dir='ltr'>ducere.</span> 
     </span>
    </p>
   </div>
   <div class='ocr_carea' id='block_1_14' title="bbox 0 0 1798 5464">
    <p class='ocr_par' dir='ltr' id='par_1_15' title="bbox 0 0 1798 5464">
     <span class='ocr_line' id='line_1_44' title="bbox 0 0 1798 5464; baseline 0 1"><span class='ocrx_word' id='word_1_248' title='bbox 0 0 1798 5464; x_wconf 95' lang='lat' dir='ltr'> </span> 
     </span>
    </p>
   </div>
  </div>
 </body>
</html>
