3588 5464
184 273 258 343 (IV,
276 276 302 346 2,
320 273 438 344 38-49)
694 263 968 328 TRUOULDN'PUS.

735 561 946 628 Asnnrmnn.

1156 665 1208 732 Ad
1229 670 1261 732 te
1282 661 1420 750 quiddm.

728 795 952 860 Dmnnncnun

102 909 293 974 7401mm0
315 908 396 990 istie
418 906 462 972 ad
484 926 551 972 von

734 1023 946 1089 Aeninmnn.

615 1167 684 1236 Hue
705 1166 745 1232 iri
766 1184 830 1230 non
852 1163 965 1248 petest.

727 1273 954 1339 D1n1nnenue.
1158 1307 1166 1326 ·

983 1375 1081 1444 Immo
1103 1373 1216 1458 potest.

184 1507 266 1574 Sine
289 1508 434 1591 experiri.

731 1627 944 1692 Asnnnfflun.

479 1737 576 1800 Immo
599 1736 759 1818 opperire:
784 1732 832 1798 vis
856 1736 904 1797 eet
927 1729 1107 1814 experirier.

186 1845 305 1911 Dieam
327 1840 454 1924 adesse,
476 1841 508 1907 ni
531 1841 686 1924 occupata
707 1844 768 1906 eet:
799 1842 920 1904 restare
943 1838 1027 1906 enim
1048 1836 1169 1904 frustra
1189 1834 1259 1902 siet.

726 1978 953 2050 D1n1nnenue.

188 2087 294 2160 Redin
317 2109 359 2156 en
381 2089 444 2156 nen
471 2086 578 2156 redis?

734 2209 946 2276 Asnnnmnn.

602 2317 703 2384 Voedt
725 2337 786 2398 me,
809 2335 891 2398 quae
913 2315 948 2382 in
970 2336 1021 2383 me
1043 2315 1116 2398 plis
1139 2332 1235 2396 quam
1256 2315 1291 2380 iu
1314 2309 1426 2398 petest.

294 2505 297 2510 .
729 2441 956 2507 DmIARCHUS.

194 2555 262 2623 Uno
285 2552 382 2619 verbo
405 2551 566 2633 eloquere:
580 2546 692 2615 ¹mittin
713 2565 763 2614 me
789 2545 893 2612 intro?

737 2670 948 2741 Αιιιιιιιιιιι.

966 2773 1105 2843 Mendax
1127 2791 1176 2840 ee:
1201 2770 1266 2841 abi.

111 2903 170 2960 745
193 2891 296 2960 Unum
319 2889 440 2982 dienen,
464 2887 526 2955 tria
548 2885 624 2955 dum
646 2884 726 2952 dixti
746 2883 855 2967 verba,
878 2889 975 2966 atque
997 2881 1037 2951 en
1058 2878 1235 2949 mendaeid.

628 3084 631 3090 .
728 3027 954 3094 Dinnncnns.

193 3137 292 3204 Abiit:
317 3140 400 3201 intre
422 3133 496 3199 hine
518 3133 621 3200 saluit.
657 3131 740 3215 egon
762 3138 796 3199 ut
817 3131 897 3198 haee
919 3131 996 3216 nihi
1018 3130 1123 3216 pdtiar
1145 3129 1235 3200 fieri?
1435 3114 1491 3188 (45)

193 3245 261 3310 Iam
283 3243 390 3311 herele
412 3238 560 3323 egotibi,
583 3238 771 3322 pelleeebre,
795 3237 887 3304 hides
909 3237 1026 3304 faniam
1048 3235 1187 3303 eldmere
1208 3233 1241 3300 in
1263 3231 1326 3316 vid,

192 3349 284 3429 Quae
304 3350 409 3431 legem
432 3345 603 3412 adversum
625 3344 776 3428 accepisti
798 3367 818 3412 e
840 3346 982 3430 pluribds
1004 3342 1180 3428 peeunidm.

192 3455 325 3523 Iamiam
347 3453 452 3519 herele
475 3452 562 3534 dpud
584 3442 693 3520 omnes
714 3452 918 3537 magistretus
941 3451 1017 3520 faxo
1040 3452 1098 3518 erit
1118 3467 1233 3516 nomen
1258 3443 1354 3518 indm.

116 3587 174 3643 750
192 3561 342 3630 Postidea
364 3558 424 3642 ego
447 3579 574 3626 manum
596 3558 629 3623 in
651 3558 844 3650 teiniieiem
867 3557 1047 3642 quadrupli,
1069 3554 1222 3639 vendidit,

262 3859 323 3915 740.
341 3859 376 3916 V.
395 3857 431 3914 D.
449 3855 529 3914 istee.
547 3851 657 3910 Deinde
675 3853 756 3914 eodd.
775 3869 870 3910 omnes
887 3869 968 3912 emm.
986 3857 1048 3914 hue.
1066 3855 1101 3915 V.
1113 3853 1148 3910 D.
1165 3853 1232 3910 irem
1250 3869 1277 3924 p.
1297 3851 1339 3913 iri.
1365 3851 1493 3922 Denique

189 3947 272 4003 immo
291 3951 385 4016 potest
402 3947 434 4001 P.
452 3945 541 4001 solun:
569 3944 603 4000 V.
628 3944 663 4000 D.
688 3942 801 3998 nimium
823 3943 890 4012 pati.
945 3943 1005 4000 741.
1026 3942 1092 3998 Sine
1115 3943 1232 4013 experiri
1249 3941 1383 4000 Bethiunt
1408 3940 1490 4000 codd.

191 4035 308 4104 experiri
327 4035 395 4090 sine.
423 4032 532 4088 Deinde
549 4033 584 4089 V.
602 4032 637 4089 D.
657 4031 819 4102 opperirem.
847 4031 974 4099 Denique
996 4031 1030 4088 V.
1048 4031 1083 4089 D.
1106 4031 1150 4086 uie
1173 4035 1218 4086 eet
1241 4030 1373 4102 experire,
1399 4030 1428 4086 P.
1446 4030 1491 4087 ius

191 4129 235 4178 est
253 4122 379 4191 experiri.
443 4120 504 4180 742.
522 4121 556 4178 V.
575 4121 610 4176 D.
629 4121 677 4176 ubi
695 4137 722 4190 p.
741 4120 779 4176 ni.
797 4119 832 4176 V.
850 4120 965 4175 resistat
983 4135 1017 4174 ex
1035 4135 1070 4174 ex
1087 4118 1191 4177 frustra
1208 4119 1253 4193 sit,
1281 4120 1315 4175 D.
1334 4119 1445 4178 resistet
1463 4123 1492 4174 et

190 4211 293 4267 frustra
311 4211 356 4281 eit,
374 4209 405 4263 P.
424 4211 486 4265 Diu.
506 4209 573 4264 siste
591 4208 653 4263 hem
672 4207 776 4265 frustra
793 4204 842 4280 fitsg
897 4208 958 4265 743.
977 4207 1055 4268 cedd.
1075 4209 1153 4266 redin
1171 4224 1207 4266 en
1228 4223 1285 4265 non
1302 4208 1380 4269 redin
1399 4209 1423 4265 si
1441 4222 1489 4263 ιιο-
1585 4214 1587 4223 “

191 4305 237 4356 net
255 4315 306 4355 me.
334 4297 441 4353 Deinde
465 4311 537 4366 quae
555 4297 583 4351 in
603 4311 646 4352 me
669 4295 732 4366 pius
755 4311 837 4366 quam
863 4302 894 4351 tu
916 4302 1009 4366 potent
1034 4296 1173 4355 Gdllerus:
1198 4297 1278 4357 eedd.
1302 4313 1373 4368 quae
1396 4297 1424 4352 in
1447 4312 1492 4352 me

190 4393 284 4458 potest
301 4388 364 4457 plus
384 4401 466 4455 quam
484 4390 588 4453 petest.
644 4386 704 4441 744.
732 4385 767 4445 V.
794 4386 829 4442 D.
858 4386 929 4440 mitti
952 4386 989 4456 in,
1017 4387 1048 4443 P.
1070 4387 1158 4444 mitto.
1214 4385 1275 4446 745.
1292 4387 1327 4446 V.
1346 4387 1381 4444 D.
1399 4385 1492 4442 elebat

192 4475 289 4530 stridia
307 4474 384 4545 dixti,
413 4473 467 4527 nisi
487 4475 561 4546 quod
578 4475 613 4532 V.
633 4472 708 4537 dixit.
732 4475 763 4530 P.
783 4475 877 4530 aiebat
896 4474 1001 4531 sterilia
1019 4475 1095 4534 dixti.
1123 4474 1231 4532 Deinde
1248 4491 1282 4532 ea
1300 4474 1416 4536 inseruit
1434 4473 1489 4530 Gu-

190 4565 307 4621 lielmus.
361 4563 421 4618 746.
441 4563 475 4621 V.
493 4561 591 4617 inoluit
608 4578 634 4631 p.
655 4561 717 4622 hine
736 4563 828 4632 saluit,
846 4564 880 4619 D.
899 4563 996 4637 induit,
1024 4565 1054 4623 P.
1074 4565 1160 4624 irruit.
1178 4563 1287 4626 Deinde
1304 4579 1375 4634 egon
1391 4563 1490 4618 Lome-

191 4669 257 4708 nus:
275 4650 369 4708 eodd:
384 4666 445 4724 ege.
506 4650 566 4706 747.
595 4650 673 4707 nodd.
701 4652 849 4708 inlecebra.
910 4653 969 4710 748.
997 4653 1076 4715 codd.
1105 4655 1250 4711 aduersum
1276 4653 1373 4724 legem.
1400 4653 1435 4710 V.
1453 4651 1489 4710 D.

192 4739 337 4809 accepistis
356 4739 399 4798 ed.
417 4738 525 4795 Deinde
543 4738 668 4809 plunibue
687 4740 812 4797 Bethius:
834 4742 913 4800 cedd.
932 4741 1065 4810 piurimis.
1121 4743 1180 4802 749.
1198 4743 1233 4804 D.
1245 4741 1313 4798 iiam
1326 4757 1352 4816 p.
1365 4739 1488 4811 lamiam,

191 4828 227 4886 V.
242 4827 273 4882 P.
291 4827 357 4884 iem.
376 4828 410 4886 V.
430 4829 462 4885 D.
483 4827 557 4899 apud
575 4845 627 4884 nee
646 4844 750 4886 omnes.
806 4829 865 4886 750.
884 4831 918 4887 V.
937 4829 971 4888 D.
989 4832 1058 4886 Post
1075 4831 1105 4887 id
1123 4847 1175 4903 ego
1198 4836 1226 4887 te
1244 4845 1354 4886 manum
1372 4829 1487 4902 initiam,

191 4916 222 4973 P.
240 4917 309 4972 Post
326 4915 354 4973 id
373 4928 425 4988 ego
444 4918 472 4973 in
491 4924 519 4972 te
538 4933 649 4976 menum
667 4917 795 4979 iniieiem.
814 4919 893 4978 eodd.
912 4919 1080 4996 quadrupun,
1098 4921 1131 4980 V.
1150 4919 1184 4980 D.
1202 4917 1345 4980 beneficia.
