3588 5464
858 261 995 317 rmum
1106 309 1109 314 .
1388 265 1420 334 (1,
1442 265 1586 335 1,1-ne)

826 447 1050 510 Drmncerrus.

435 547 505 612 Non
529 550 631 616 omnis
652 531 743 616 adias
766 550 810 616 ad
830 549 1075 634 perdiscendum
1103 554 1153 614 sat
1176 549 1225 616 est

377 645 379 652 ’
433 652 569 736 Amanti,
593 651 668 720 dum
691 654 724 721 id
746 655 917 739 perdiscat,
942 655 1017 738 qubt
1039 659 1149 737 pereat
1172 653 1282 736 modia,

433 759 542 841 Neque
564 780 635 826 eam
658 762 812 828 ratidnem
835 782 932 846 eapse
954 779 1093 842 unquam
1116 758 1241 824 edocuit
1262 759 1379 843 Vende,

434 863 536 940 Quam
559 885 657 948 penes
679 868 840 946 amantum
863 887 988 933 summa
1010 865 1203 931 summarum
1226 863 1317 947 redit,

434 969 518 1046 Quot
541 990 654 1038 amans
677 973 832 1059 exemplis
854 971 1040 1054 ludificetur,
1064 974 1140 1053 quot
1162 955 1265 1035 medis

321 1129 325 1137 .
432 1075 555 1159 Pereat,
580 1083 717 1160 queque
740 1078 887 1146 exoretur
909 1077 1105 1144 exorabuiisi

431 1178 515 1258 Quot
535 1181 600 1247 illic
622 1184 804 1267 blanditiae,
828 1189 905 1267 quet
926 1184 991 1250 iilic
1013 1180 1209 1263 iracundiae,

433 1285 517 1362 Quot
538 1294 612 1354 sunt
633 1290 754 1372 pericia
775 1289 928 1356 amandat
954 1289 988 1354 di
1010 1294 1150 1354 vestram
1174 1283 1279 1368 fidem,
1302 1286 1369 1352 bui!

434 1389 517 1467 Quid
539 1391 763 1475 perferundum
786 1402 836 1461 est
857 1396 953 1461 etiam
975 1394 1102 1476 praeter
1124 1393 1268 1457 munera!

432 1496 571 1562 Primum
595 1499 670 1567 dum
694 1500 815 1568 merces
838 1516 961 1566 annuat
983 1502 1012 1566 is
1035 1499 1155 1581 primus
1175 1497 1290 1564 beldet.

431 1601 479 1666 Ob
503 1622 574 1668 eam
596 1609 661 1672 tres
683 1605 784 1673 utens
808 1607 898 1690 duce,
922 1625 993 1673 cum
1015 1607 1135 1668 interea
1157 1601 1218 1666 ieci

428 1707 492 1772 Aut
513 1728 590 1775 aera
613 1717 669 1777 aut
689 1713 798 1778 vinum
821 1718 877 1778 aut
897 1711 1002 1777 eleum
1024 1708 1106 1793 perit
1127 1713 1183 1773 aut
1204 1706 1349 1780 triticum.

430 1814 556 1897 Tentat,
580 1814 777 1898 benignusne
799 1838 843 1883 an
865 1814 1075 1897 bonaetfrugi
1098 1813 1172 1880 sies.

431 1916 530 1995 Quasi
552 1919 585 1984 in
607 1921 763 2002 piscinam
786 1929 853 1989 rete
876 1924 930 2004 qui
950 1921 1089 1987 iaculum
1111 1916 1214 2000 pardt,

430 2022 566 2099 Quando
589 2025 667 2091 abiit
689 2026 756 2093 rete
778 2047 919 2111 pessum,
940 2031 1008 2092 ium
1030 2021 1160 2090 adducit
1182 2020 1299 2086 sinum:

429 2119 591 2196 Si‘inretit
612 2132 679 2198 rete
702 2133 818 2216 pineas,
840 2151 882 2198 ne
905 2131 1067 2215 effugiant,
1092 2125 1194 2208 cavet,

429 2234 573 2318 Tumque
595 2236 647 2303 bic
669 2245 798 2320 tumque
819 2237 884 2302 iiiic
906 2237 1043 2302 irretitos
1066 2229 1199 2316 impedit

427 2339 535 2405 Pisces
558 2361 658 2424 usque
681 2343 773 2424 adeo,
798 2342 945 2408 donicum
969 2341 1078 2408 eduxit
1098 2338 1195 2420 forde,

341 2511 346 2517 ,
426 2443 540 2510 itidem
563 2455 612 2512 est
634 2450 767 2515 amator.
813 2447 848 2514 Si
868 2448 912 2531 id,
937 2448 1023 2531 qued
1045 2446 1160 2527 bratur,
1184 2443 1272 2508 dedit

426 2551 530 2633 Atque
552 2558 601 2618 est
622 2553 778 2636 benignus
799 2554 904 2638 petius
927 2554 1023 2636 quam
1045 2551 1130 2634 frugi
1152 2548 1265 2629 bonae,

426 2655 595 2724 Adduntur
617 2659 739 2724 nbctes:
763 2659 888 2725 interim
911 2658 964 2724 iile
986 2657 1115 2722 hamum
1138 2655 1238 2721 vcra't.

426 2759 460 2826 Si
483 2764 582 2830 semei
604 2765 722 2830 ambris
743 2767 892 2847 peculum
915 2763 1038 2846 decepit
1059 2764 1140 2858 meri

426 2868 537 2951 anue
558 2871 640 2935 intra
662 2871 773 2953 peetus
797 2891 832 2937 se
854 2867 1034 2954 penetrdvit
1055 2867 1153 2951 petib,

428 2973 649 3060 Extempie‘et
670 2979 759 3059 ipsus
782 2977 876 3059 periit
898 2975 930 3042 et
952 2994 1003 3040 res
1026 2979 1058 3039 et
1078 2971 1168 3038 fides.

426 3076 461 3142 Si
483 3080 599 3146 iratum
622 3087 671 3146 est
692 3083 829 3149 scbrtum
852 3083 933 3147 ferte
956 3079 1090 3145 amaturi
1113 3078 1180 3159 sub,

425 3183 481 3248 Bis
503 3187 585 3268 perit
606 3187 738 3269 amator,
762 3187 856 3252 abre
878 3191 973 3267 atque
996 3185 1036 3250 ab
1060 3184 1164 3249 enimc
1188 3182 1291 3249 simui.
1362 3173 1367 3184 ⁸

425 3287 481 3353 Sin
504 3290 586 3356 aiter
607 3294 712 3358 autem
735 3277 839 3375 potior
861 3291 918 3373 est,
942 3280 1052 3355 itidem
1075 3291 1164 3371 perit.

423 3391 458 3458 Si
480 3414 570 3462 rasas
591 3397 701 3464 nbetes
723 3396 818 3479 ducit,
842 3396 884 3462 ab
909 3395 1014 3461 animo
1037 3395 1133 3476 perit:

327 3715 362 3774 V.
384 3717 540 3775 Dimarcus.
558 3721 593 3780 D.
611 3721 643 3780 P.
662 3721 825 3777 Dinarchus.
863 3723 907 3780 22.
926 3720 1016 3777 Varro
1030 3721 1065 3775 de
1077 3721 1095 3774 i.
1106 3720 1123 3774 i.
1142 3733 1168 3786 p.
1189 3719 1241 3772 194
1259 3719 1302 3774 ed
1321 3716 1455 3788 Spengel:
1474 3727 1517 3775 est
1535 3738 1577 3777 sa·

273 3805 319 3862 tis.
364 3807 408 3862 23.
427 3807 458 3864 Ρ.
476 3807 501 3862 is
518 3824 546 3876 p.
565 3808 602 3864 id.
620 3809 707 3868 Prisc.
728 3809 762 3864 de
783 3815 860 3867 metr.
879 3809 942 3866 Ter.
966 3811 992 3878 2,
1011 3810 1028 3862 9
1050 3804 1103 3864 bic.
1171 3807 1214 3862 24.
1240 3805 1351 3861 edocuit
1377 3808 1464 3867 Prisc.
1494 3809 1512 3864 i.
1541 3826 1576 3880 e.;

275 3893 356 3951 cedd.
376 3894 483 3950 educet.
503 3896 546 3953 27.
566 3895 600 3952 V.
619 3912 730 3965 quoque
749 3899 871 3951 exeritur
888 3896 924 3952 D.
943 3896 1070 3950 excriter.
1089 3895 1132 3950 28.
1152 3895 1186 3952 V.
1206 3893 1354 3948 blanditier
1377 3896 1412 3951 D.
1430 3897 1577 3953 blanditer.

274 3980 317 4038 29.
330 3981 364 4036 V.
378 3983 412 4040 D.
426 3988 492 4037 sunt
505 3985 635 4053 quoteni,
647 3986 679 4041 P.
692 3990 758 4040 sunt
771 3990 839 4053 quot
850 3990 924 4041 suut.
944 3987 987 4043 30.
997 3983 1193 4054 perfetundum
1206 3982 1250 4051 P,
1270 3983 1305 4037 V.
1324 3983 1358 4040 D.
1375 3985 1575 4051 perierandum.

272 4065 336 4124 Vat.
350 4069 426 4138 Lips.
440 4071 509 4126 aiter
521 4072 720 4141 perietendum.
739 4075 782 4131 31.
795 4088 900 4128 merces
914 4073 1048 4143 Gronov.;
1070 4073 1104 4130 V.
1122 4072 1206 4128 miros
1226 4069 1260 4126 D.
1279 4069 1361 4124 miror
1377 4071 1408 4128 P.
1428 4077 1522 4128 meret.
1541 4073 1575 4127 D.

273 4171 382 4212 annuus
400 4159 432 4218 P.
451 4160 568 4216 animus.
609 4161 717 4234 Deinde
742 4163 776 4218 V.
795 4163 897 4230 primes
916 4177 931 4216 e
949 4163 1045 4218 belust
1063 4161 1097 4218 D.
1116 4160 1220 4228 primus
1245 4157 1362 4212 eboiust.
1388 4160 1419 4214 P.
1437 4160 1533 4228 premii
1553 4160 1577 4214 si

238 4269 242 4278 .
273 4243 373 4300 obolus
393 4251 444 4305 est.
468 4247 512 4302 32.
530 4247 565 4303 V.
585 4248 667 4304 dutor
684 4251 718 4308 D.
738 4255 821 4308 tuter.
840 4250 872 4306 P.
891 4251 1004 4307 ducunt.
1041 4250 1085 4306 33.
1104 4248 1139 4305 V.
1164 4247 1197 4304 D.
1219 4262 1274 4302 ara.
1295 4246 1374 4302 cedd.
1394 4263 1474 4304 cmm.
1497 4249 1576 4314 perit.

271 4329 315 4390 36.
334 4334 415 4392 codd.
433 4350 514 4393 cmm.
533 4341 600 4394 tum.
619 4337 653 4394 V.
673 4335 741 4392 iinfa
757 4355 785 4406 p.
805 4332 903 4407 sinum,
922 4340 956 4395 D.
975 4340 1007 4397 P.
1031 4337 1110 4393 infra.
1130 4338 1173 4390 ci.
1194 4335 1224 4390 si
1243 4335 1337 4388 inretit
1354 4335 1448 4407 Beth.;
1472 4337 1507 4394 V.
1527 4337 1576 4392 Sin

271 4419 336 4478 iecit
355 4422 389 4477 D.
410 4424 454 4478 sin
471 4423 543 4480 ietit.
579 4425 611 4482 P.
631 4425 655 4478 si
674 4441 729 4479 non
748 4427 817 4484 ierit.
837 4427 944 4481 Deinde
963 4426 1043 4482 codd.
1067 4425 1154 4494 piscis
1179 4439 1213 4477 ne
1232 4423 1356 4491 effugiat.
1387 4425 1431 4482 38.
1450 4425 1576 4494 Tumque

270 4509 315 4563 hic
334 4514 448 4580 tumque
469 4511 526 4566 iiiic
544 4512 638 4585 Both,
666 4514 745 4574 cedd.
773 4516 845 4568 Dum
871 4514 924 4569 huc
953 4515 1017 4570 dum
1046 4513 1120 4571 iiiuc.
1148 4512 1256 4566 Deinde
1285 4512 1411 4566 irretitos
1437 4511 1574 4583 Scaligcr;

270 4595 305 4656 V.
324 4597 359 4654 D.
377 4604 476 4670 reteor,
495 4600 526 4658 P.
545 4605 610 4656 rete.
629 4601 672 4658 39.
692 4603 773 4662 codd.
791 4602 980 4658 deliumferes
999 4603 1102 4661 eduxit.
1121 4603 1164 4658 40.
1184 4601 1263 4658 codd.
1282 4599 1396 4656 Ibidem.
1423 4601 1529 4656 Deinde
1551 4600 1575 4654 si

270 4683 314 4756 P.;
328 4685 362 4744 V.
375 4687 410 4742 D.
429 4693 480 4744 set.
498 4689 543 4745 43.
562 4690 629 4743 meri
648 4687 741 4761 Bcth.;
761 4691 842 4749 codd
855 4706 937 4749 mere.
955 4692 999 4750 46.
1014 4691 1094 4748 codd.
1114 4694 1235 4744 scortum
1250 4687 1356 4743 sertest.
1376 4687 1419 4745 47.
1441 4695 1523 4760 atque
1541 4689 1575 4744 ab

270 4773 472 4847 cuimoGdlier3
482 4776 563 4833 codd.
574 4793 657 4836 emm.
670 4777 714 4834 ab.
726 4778 770 4833 48.
784 4780 1017 4834 autem-itidem
1028 4779 1186 4848 Acidaiius;
1201 4778 1234 4834 V.
1248 4776 1296 4832 Sin
1306 4777 1375 4832 aiter
1385 4778 1464 4834 elteri
1477 4778 1512 4835 D.
1526 4777 1569 4831 sin

151 4899 154 4905 .
270 4859 443 4921 aliterciteri.
449 4863 480 4924 P.
490 4881 535 4920 em
546 4865 747 4926 elteri.Deinde
757 4852 791 4924 V.
801 4867 835 4924 D.
845 4865 950 4936 petius,
961 4868 1041 4926 codd.
1053 4865 1253 4922 sunamidem.
1266 4865 1310 4920 49.
1322 4866 1353 4924 P.
1363 4873 1439 4958 retas
1449 4883 1573 4936 pucras.
