3588 5464
174 314 232 391 (tv,
251 322 276 388 2,
296 315 413 391 15-25)
691 319 964 382 rnremnnrpe

711 509 937 576 Drmmcnns.

1198 615 1338 697 Quidni?

719 720 931 786 Asrmmmr.

177 819 270 887 Solus
293 820 448 887 simmam
470 822 521 888 hie
544 821 640 890 habet
663 824 750 907 apid
772 845 840 892 noe.
863 845 946 893 nune
968 825 996 890 is
1018 824 1109 892 ndbis
1133 825 1249 896 fundus
1273 830 1331 898 est.
1420 825 1477 895 (15)

263 927 353 993 Bono
374 928 479 994 animd
501 929 584 995 male
605 932 696 1012 perit.
717 951 720 960 ¹

715 1055 940 1126 Drmmcnns.

649 1161 731 1227 Perii
754 1160 911 1229 meherele
934 1181 994 1244 ego
1016 1160 1135 1229 itidem.

721 1285 932 1352 Asrnnnmn.
1162 1369 1165 1374 Ι

179 1384 300 1454 Stultus
323 1385 368 1468 ee,
392 1388 445 1469 qui
468 1387 553 1454 faeta
576 1386 694 1454 infecta
715 1390 821 1458 faeere
844 1391 949 1459 verbis
971 1393 1122 1476 postulas.

179 1491 291 1558 Thetis
314 1511 439 1575 quoque
462 1492 557 1558 etiam
579 1495 613 1558 in
635 1495 838 1562 lamentdndo
861 1517 997 1580 pausam
1018 1497 1093 1565 feeit
1115 1499 1189 1564 filid.

714 1621 938 1698 Drmnncnna

96 1733 161 1788 720
182 1721 252 1788 Non
276 1741 335 1806 ego
357 1723 441 1790 mine
463 1723 544 1790 intre
567 1721 611 1790 ad
633 1745 691 1792 voe
714 1727 843 1793 mittar?

721 1850 931 1918 Asrmmmr.
989 1875 1020 1910 ·.

892 1954 1170 2042 ennumquam
1192 1957 1282 2029 miles
1304 1960 1454 2046 magist,
1488 2029 1491 2037 ,

715 2052 938 2150 Dmmnenne

183 2179 266 2262 Quia
288 2181 371 2250 enim
393 2184 466 2265 plis
489 2181 572 2250 dedi.

598 2369 602 2378 .
726 2285 936 2378 Asrmmrm.

624 2415 701 2482 Plus
723 2416 758 2484 es
781 2417 864 2484 enim
885 2417 1092 2499 intromissus,
1116 2437 1210 2500 quom
1232 2417 1344 2488 dabas.
1421 2414 1480 2486 (ἳο)
1507 2489 1510 2496 ,

183 2535 258 2604 Sine
280 2537 429 2623 meinaim,
454 2539 508 2621 qni
529 2537 617 2621 dant,
641 2540 680 2606 db
702 2541 790 2624 illud,
815 2541 1008 2624 quoddam,
1033 2543 1138 2625 dpen’s
1161 2543 1252 2611 utier.

183 2642 318 2710 Litteras
341 2643 491 2712 didieisti:
515 2643 642 2727 quando
666 2647 738 2731 seis,
761 2649 828 2751 sine
851 2648 932 2715 elios
955 2647 1106 2716 discere..

742 2772 967 2839 Dmmncmm.
987 2792 990 2797 ·

184 2874 326 2956 Discent,
350 2872 425 2940 dim
447 2871 523 2939 mihi
544 2875 724 2956 pertentare
746 2877 850 2958 litent,
873 2877 907 2942 ni
934 2875 1049 2945 dblitus
1071 2877 1160 2959 siem,

103 2994 167 3053 ‘125
185 2979 288 3060 Quod,
300 2977 407 3044 didiei.

730 3105 941 3172 andnemun.

425 3207 551 3276 Interea
573 3210 733 3292 magister,
756 3208 831 3277 dum
852 3216 887 3278 tu
913 3209 1171 3293 edmmentabad
1284 3251 1288 3260 .

184 3312 258 3381 Volt
279 3315 335 3382 illa
358 3315 467 3382 itidem
489 3315 702 3382 commentari.

722 3439 945 3508 Dmmnerms.

745 3545 853 3624 Quid?

729 3652 940 3718 Asrmnrmr.
1318 3719 1320 3722 ,
1483 3691 1485 3695 .

905 3755 993 3824 Rem'
1012 3760 1157 3844 aeeipere
1179 3751 1361 3822 identidem.
1427 3747 1483 3819 (25)

260 4063 320 4120 716.
346 4060 425 4120 codd.
447 4061 532 4118 habet
552 4061 596 4118 hie
621 4093 653 4104 -
677 4067 721 4118 eet
743 4057 847 4116 fundus
871 4061 960 4120 nobie.
1017 4061 1077 4120 ild.
1100 4059 1172 4116 male
1194 4059 1267 4129 perit
1288 4061 1319 4119 P.
1342 4060 1433 4116 solue:
1452 4061 1486 4120 V.

189 4150 260 4206 meld
284 4149 369 4220 gerit,
397 4150 431 4207 D.
457 4151 528 4206 male
549 4151 629 4220 gerit.
657 4149 765 4206 Deinde
788 4149 822 4207 V.
840 4149 874 4210 D.
899 4150 971 4218 perit
988 4165 1015 4218 p.
1033 4149 1111 4218 perii.
1147 4148 1275 4218 Denique
1292 4148 1372 4206 codd
1391 4165 1486 4208 omnes

189 4238 279 4294 hereie
298 4253 352 4308 ege
371 4237 452 4296 idem.
506 4239 566 4298 718.
586 4237 665 4296 codd.
683 4242 728 4292 eet
744 4253 771 4306 p.
791 4253 830 4295 es.
886 4240 1080 4306 drepanam
1103 4237 1214 4296 Meroen.
1233 4236 1270 4292 ad
1287 4237 1357 4295 Non.
1375 4253 1403 4306 p.
1423 4239 1486 4296 103:

190 4325 269 4382 codd
287 4341 340 4382 om.
358 4326 401 4380 in:
420 4327 539 4385 lausum.
594 4327 653 4382 720.
672 4327 702 4384 P.
723 4324 798 4391 Quid·
814 4327 938 4396 nunquid
956 4326 991 4394 p.'
1003 4325 1057 4392 Qui
1069 4327 1135 4382 dum
1148 4341 1239 4407 quam
1292 4327 1352 4382 721.
1370 4328 1401 4384 P.
1414 4327 1487 4383 enim

190 4429 230 4485 es,
247 4413 281 4470 V.
300 4414 334 4472 D.
354 4415 426 4470 enim
445 4429 476 4470 se
496 4446 528 4454 -
548 4429 630 4484 quam
649 4430 675 4482 p.
696 4429 786 4483 quem.
842 4413 901 4472 722.
921 4415 968 4485 qui
986 4414 1055 4470 dant
1072 4416 1107 4473 ob
1125 4414 1195 4472 illud
1211 4414 1364 4472 pomanus:
1387 4415 1422 4474 V.
1441 4414 1498 4484 qui¹

191 4503 259 4558 dant
277 4515 388 4570 operam
406 4501 477 4558 oblit
494 4502 580 4571 quod,
607 4503 641 4558 D.
661 4502 708 4573 qui
733 4501 801 4557 dant
823 4515 935 4572 operam
958 4502 1060 4558 oblitus
1079 4503 1166 4574 quod,
1192 4501 1224 4562 P.
1248 4502 1295 4571 qui
1319 4501 1386 4558 dant
1403 4517 1499 4569 opere·

191 4592 271 4662 utin,
287 4589 456 4647 intermediis
475 4590 592 4650 omissis.
652 4589 712 4648 723.
730 4589 764 4648 V.
783 4589 882 4648 dictati.
909 4591 943 4649 V.
961 4589 996 4646 D.
1015 4591 1113 4652 dicere.
1171 4589 1232 4648 724.
1250 4589 1285 4648 V.
1307 4589 1489 4660 argentarilli·

192 4695 276 4750 ceam,
294 4679 328 4736 D.
347 4678 487 4750 argentari
504 4677 560 4732 illie
578 4693 648 4750 eam,
667 4679 698 4736 P.
716 4677 865 4748 argentarii
888 4678 945 4733 illie
963 4694 1025 4734 eam
1047 4685 1090 4738 ne.
1121 4677 1266 4735 Editiones
1288 4681 1397 4734 veteres
1415 4692 1499 4734 eom--

192 4767 317 4825 memmi.
346 4765 449 4836 Scripsi
467 4769 633 4836 pertentare.
689 4765 748 4824 725.
774 4766 856 4832 Quod
878 4766 961 4829 didici
984 4767 1143 4824 Acidaliae:
1172 4767 1252 4822 eodd.
1273 4765 1327 4833 Qui
1344 4765 1429 4823 dedit.
1457 4765 1489 4823 P.

192 4857 280 4928 magia
303 4871 330 4924 p.
353 4857 490 4926 magister.
545 4856 605 4912 726.
632 4854 699 4911 Volt
720 4853 768 4909 illa
789 4855 921 4912 Bethiue:
950 4854 984 4913 V.
1007 4855 1041 4914 D.
1065 4855 1133 4914 Velt
1155 4855 1265 4913 interim
1288 4855 1343 4928 illa,
1370 4854 1402 4914 P.
1423 4850 1501 4911 Volt'

192 4945 288 5001 itidem
305 4943 353 5001 illa
380 4973 413 4986 -·
442 4941 553 5014 quidem
570 4958 597 5011 p.
617 4943 704 5011 quid?
728 4958 794 5000 rem.
893 4985 896 5000 .
1500 4965 1502 4970 ·

1253 5039 1289 5094 4*
