3588 5464
582 639 690 704 6555.
732 639 966 704 Ρ5555555555.
1011 633 1291 700 Srrnrcnsnnus.

887 814 993 880 6555.

438 945 496 1024 Ite,
519 944 572 1023 ite,
596 940 658 1005 hac
680 939 775 1006 simdi
795 939 950 1006 maliierei
973 935 1185 1020 damnigeruli

440 1048 541 1114 Foras
564 1047 785 1130 congerrdnes,
808 1047 959 1113 bonorum
983 1043 1163 1126 exagbgeei

291 1156 381 1221 Satin
394 1155 421 1221 si
432 1154 503 1236 quis
515 1153 611 1234 5555,
624 1153 734 1234 nequit
744 1153 819 1234 quin
831 1152 923 1218 nihili
935 1152 977 1217 sit
988 1155 1083 1231 atque
1093 1143 1246 1228 improbis
1257 1141 1377 1207 artibus
1390 1139 1589 1222 seexpolidt?

221 1265 276 1320 550
443 1261 560 1325 Verum
580 1259 642 1324 hdo
664 1259 717 1342 qui
740 1259 848 1341 551555,
871 1279 912 1323 55
935 1255 1005 1340 quis
1027 1254 1062 1322 id
1084 1255 1217 1334 quaerat
1239 1248 1279 1312 555
1301 1267 1361 1327 me,

441 1365 535 1430 Domi
559 1363 616 1444 555,
640 1364 693 1446 qui
715 1362 793 1429 facit
815 1384 962 1446 nequam,
984 1359 1130 1443 15555655
1152 1356 1249 1435 15555,
1273 1351 1406 1417 555555.

412 1529 419 1543 ,
442 1470 504 1534 Ρ55
527 1469 665 1535 55555555
687 1489 747 1535 555
768 1469 853 1536 hona
875 1469 981 1549 habet,
1004 1465 1090 1530 15555
1112 1460 1199 1526 iubet
1221 1456 1342 1524 5515551.
1550 1449 1591 1518 (ὅ)

443 1574 526 1653 Quin
548 1575 658 1642 metuit
680 1575 859 1641 cubiculum
881 1593 922 1638 ne
943 1567 1184 1637 mdndissimrim
1206 1564 1255 1629 sit.
1564 1561 1566 1568 ’

694 1679 761 1745 Sibi
783 1698 881 1762 puras
904 1678 975 1745 5555
997 1677 1063 1743 voit
1086 1671 1185 1739 aedis.
1401 1744 1405 1754 Ι

224 1797 277 1852 555
295 1786 390 1852 Domi
412 1785 560 1868 quicquid
582 1785 689 1868 habet,
712 1785 847 1851 verritur
869 1777 940 1853 ἔξω.
987 1775 1252 1861 Quandoquidem
1273 1773 1361 1857 155515
1385 1793 1420 1838 55
1442 1771 1555 1855 5555115,

295 1889 422 1955 Secreto
435 1891 581 1973 equidem
591 1891 682 1958 illum
693 1889 855 1971 adiutabo,
870 1909 930 1954 nec
942 1908 1014 1953 mea
1027 1884 1154 1968 quidem
1168 1883 1196 1948 is
1212 1881 1309 1963 55555
1324 1877 1430 1945 1555515
1445 1893 1594 1959 uinquam

384 1996 456 2060 Hilo
479 1997 582 2063 mimis
605 1997 667 2062 cito
689 2003 755 2062 tam
777 1996 922 2080 prdpere,
946 2013 1041 2076 quarn
1063 1987 1177 2073 potest,
1200 1985 1323 2069 peribit.

340 2101 424 2166 1155
446 2101 487 2167 515
508 2101 568 2168 hoc
591 2104 747 2169 65555555
769 2101 810 2168 515
831 2101 919 2168 5155
942 2119 1007 2166 555
1029 2093 1169 2160 deminui
1194 2089 1288 2158 555515
1539 2080 1595 2150 (10)

342 2206 487 2289 Quinque
508 2206 667 2273 nummos:
691 2206 769 2273 mihi
792 2205 916 2270 detraxi
937 2208 1062 2287 partem
1083 2197 1158 2268 inde
1180 2194 1423 2261 Herculanedm.

226 2310 280 2364 560
342 2311 425 2376 Nam
447 2311 507 2377 hoc
531 2311 677 2379 adsimile
700 2319 757 2396 cst,
781 2311 872 2394 quasi
896 2310 936 2374 de
958 2307 1055 2374 116515
1079 2304 1133 2387 qui
1155 2322 1271 2386 aquam
1294 2300 1417 2366 51551555
1439 2298 1523 2364 51151·Ι

340 2417 409 2482 Nisi
432 2416 599 2500 derivetur,
620 2423 726 2485 tamen
749 2418 850 2484 omnis
874 2436 913 2482 55
937 2434 1022 2497 aqua
1044 2409 1193 2478 5555515
1216 2407 1313 2473 mare.

341 2523 423 2588 Nam
446 2522 506 2588 hoc
528 2523 561 2587 in
583 2523 672 2589 55155
694 2523 774 2604 abit,
802 2523 917 2594 misere
941 2521 1070 2604 555555
1091 2517 1117 2582 15
1138 2515 1206 2581 5155
1228 2513 1312 2579 bone
1335 2509 1553 2596 5551555515.

299 2628 378 2694 Dum
400 2628 481 2695 haec
502 2628 596 2714 video
619 2629 700 2713 11551,
722 2628 868 2712 suffuror,
892 2627 932 2692 de
955 2624 1078 2709 5555515
1101 2619 1256 2705 55555155
1278 2617 1380 2701 capio.
1540 2621 1597 2692 (15)

298 2735 492 2801 Meretricem
503 2754 563 2818 ego
573 2735 649 2801 item
659 2735 731 2803 5555
740 2755 821 2816 5555,
830 2753 918 2800 5555
928 2737 961 2797 ut
972 2731 1032 2798 esi:
1045 2726 1130 2813 quod
1140 2727 1207 2812 des,
1220 2723 1352 2792 devorrit
1366 2743 1426 2790 555
1444 2720 1596 2793 abundat.

370 3030 405 3087 V.
424 3029 572 3088 ASTARC
590 3048 617 3102 p.
637 3032 847 3103 Stratophanes,
874 3033 909 3090 D.
928 3029 1203 3088 deunculum.
1223 3029 1294 3085 (1555
1312 3045 1418 3087 seruus.
1442 3027 1599 3096 Stratopha-

299 3131 351 3172 nes
369 3118 456 3178 miles.
492 3119 673 3178 Phronesium
692 3121 828 3183 meretrix.
884 3122 945 3179 541.
964 3122 999 3178 V.
1018 3117 1398 3186 5551155515551115551,
1426 3116 1601 3182 55511555.

300 3206 361 3262 548.
381 3207 461 3265 codd.
480 3210 605 3277 gerionis
623 3227 650 3280 p.
669 3225 863 3286 congerrones.
900 3209 1009 3266 Deinde
1028 3208 1062 3264 V.
1081 3222 1241 3276 magagoee‚
1259 3207 1293 3264 D.
1311 3207 1342 3264 P.
1362 3219 1493 3280 axagoce.
1538 3203 1599 3262 549.

301 3294 337 3352 V.
355 3294 389 3351 D.
410 3311 440 3350 55
458 3313 485 3364 p.
505 3296 537 3353 si.
555 3298 586 3356 P.
606 3301 675 3355 satis
694 3297 811 3368 estqui.
848 3297 956 3352 Deinde
979 3298 1013 3354 D.
1041 3295 1108 3349 nihii
1136 3295 1160 3350 is
1188 3295 1283 3363 itaque
1309 3293 1449 3362 inprouise
1475 3292 1601 3362 partibus

302 3382 430 3453 expoliat,
448 3385 479 3442 P.
498 3383 565 3438 nihil
584 3386 622 3441 515
640 3387 715 3457 quod
733 3384 881 3456 improuise
898 3384 1033 3455 patribus.
1070 3384 1105 3441 V.
1123 3383 1201 3437 nihili
1220 3381 1328 3452 sitaque
1346 3380 1510 3452 inprouisse,
1529 3385 1600 3435 5555-

301 3469 340 3523 515
359 3484 440 3530 cmm.
486 3471 547 3529 550.
567 3475 649 3533 555151.
665 3491 729 3531 555
746 3489 774 3545 p.
792 3491 896 3532 verum.
914 3474 949 3532 V.
968 3474 1015 3545 qui
1034 3473 1137 3529 551555
1156 3472 1190 3530 D.
1210 3470 1272 3544 quis
1290 3471 1385 3529 cieam.
1433 3468 1495 3532 551.
1512 3467 1547 3527 V.
1566 3469 1601 3522 D·

303 3557 393 3613 domis
409 3558 494 3630 idque
513 3559 600 3632 15555,
626 3564 680 3619 5151
707 3561 782 3632 quod
799 3561 832 3620 V.
851 3562 913 3633 itq.;
942 3559 996 3621 155.
1013 3560 1044 3619 P.
1062 3560 1134 3616 domi
1153 3560 1206 3616 5511
1219 3557 1272 3632 ,qni
1289 3557 1363 3620 15515.
1399 3557 1506 3618 Deinde
1522 3555 1602 3614 codd.

302 3661 384 3704 555.
404 3663 531 3718 nequam.
569 3649 630 3709 552.-
649 3651 730 3708 555151.
750 3650 804 3717 Qui
821 3648 897 3707 bona
916 3665 967 3704 sna
984 3665 1033 3720 pro
1053 3654 1174 3706 stercore
1191 3647 1283 3705 babet.
1320 3645 1428 3704 Deinde
1445 3647 1480 3705 V.
1498 3643 1549 3701 ieri
1566 3645 1601 3704 D.

302 3731 362 3788 11551
379 3735 410 3793 P.
430 3736 539 3807 15515.
559 3737 664 3798 ecferri.
722 3738 783 3798 553.
802 3738 881 3798 codd.
900 3752 953 3795 orn.
973 3739 1052 3806 quin:
1072 3739 1170 3796 metuit
1186 3737 1314 3809 publicos
1332 3733 1540 3794 mundissimum
1559 3735 1602 3796 sit,

302 3822 356 3876 nisi
375 3823 450 3891 quod
467 3825 499 3884 P.
519 3823 704 3882 mundissimis
722 3833 773 3886 est.
826 3827 886 3884 554.
906 3824 987 3884 codd.
1005 3842 1089 3896 puras
1109 3827 1169 3882 sibi.
1206 3822 1314 3880 Deinde
1333 3823 1367 3882 V.
1386 3823 1420 3882 D.
1439 3824 1530 3880 551555
1550 3823 1602 3880 dis.
1700 3862 1703 3869 .

302 3909 363 3968 555.
383 3911 418 3969 V.
436 3914 560 3970 55551555.
578 3913 614 3972 D.
632 3915 753 3974 neititur.
771 3915 802 3973 P.
819 3914 950 3984 perditur.
968 3913 1003 3973 D.
1021 3915 1052 3972 P.
1070 3930 1148 3974 exeo.
1185 3911 1293 3970 Deinde
1311 3911 1345 3970 V.
1364 3911 1500 3983 perditum
1520 3912 1557 3967 sit
1573 3925 1601 3978 5.

303 4013 333 4054 se
352 3999 449 4069 perdit,
467 4000 501 4058 D.
521 4000 658 4071 perditum
675 4001 716 4071 fit,
733 4004 763 4061 P.
781 4001 906 4074 perditus
925 4005 977 4059 est.
1030 4000 1091 4060 556.
1109 4002 1188 4060 555151.
1207 3999 1297 4058 he'rcle
1315 4001 1441 4070 equidem
1460 3999 1538 4056 illurn
1557 4001 1603 4057 551-

287 4084 399 4142 intubo
418 4087 463 4157 (D.
483 4088 626 4160 5515155155)
653 4107 742 4162 neque
768 4105 830 4146 555
857 4089 967 4158 quidem
987 4105 1071 4158 opera
1088 4106 1226 4160 umquam
1281 4089 1343 4148 551.
1361 4088 1417 4145 hilo
1435 4089 1601 4147 Lambinus:

303 4174 338 4232 V.
356 4176 391 4233 D.
410 4175 489 4232 nihili
516 4177 651 4249 omnibus,
678 4180 709 4238 P.
737 4179 921 4236 nihilominus.
966 4177 1073 4234 Deinde
1097 4179 1177 4238 codd.
1197 4194 1278 4235 cmm.
1296 4178 1350 4233 cito
1368 4183 1433 4236 tarn.
1478 4177 1604 4248 Denique

303 4263 333 4320 P.
353 4264 465 4332 quando
482 4280 509 4332 p.
529 4280 620 4333 quam.
657 4265 717 4323 558.
737 4264 816 4326 codd.
834 4283 898 4320 555
916 4266 970 4321 155
988 4283 1015 4338 p.
1034 4282 1098 4321 555
1109 4298 1142 4307 -
1156 4267 1271 4323 obsonio
1288 4282 1315 4336 p.
1335 4267 1482 4324 obsonatu.
1500 4267 1531 4325 P.
1550 4282 1603 4326 55.

304 4366 367 4409 una.
423 4352 485 4410 559.
504 4353 585 4412 codd.
604 4369 684 4414 cmm.
703 4356 774 4414 inde.
826 4355 888 4411 561.
906 4355 941 4412 V.
961 4355 994 4412 D.
1014 4369 1048 4410 55
1066 4369 1122 4423 qua
1139 4354 1170 4410 P.
1190 4369 1271 4424 aque..
1290 4352 1324 4412 51.
1337 4355 1448 4412 Lachm.
1469 4355 1505 4408 551
1522 4354 1603 4415 Lucr.

303 4456 331 4509 p.
344 4439 406 4497 319.
424 4439 504 4498 555151.
524 4456 620 4496 55555
639 4443 716 4499 mari.
770 4442 831 4499 562.
849 4443 929 4498 codd.
954 4442 1024 4498 abiit
1041 4442 1195 4511 misereque
1213 4443 1286 4511 perit
1303 4459 1330 4512 p.
1349 4442 1409 4498 abit
1426 4442 1525 4497 misere
1542 4459 1603 4512 pes-

305 4543 366 4582 sum
385 4527 415 4582 it.
452 4527 560 4582 Deinde
579 4529 614 4587 V.
633 4529 667 4588 D.
687 4531 779 4586 55515
796 4531 922 4600 gratiam.
969 4530 1030 4589 563.
1053 4531 1089 4589 V.
1113 4531 1171 4586 Nee
1200 4545 1262 4585 eum
1289 4531 1379 4589 uideo.
1415 4531 1450 4590 D.
1473 4530 1504 4590 P.
1527 4531 1603 4587 Haec

304 4631 367 4672 cum
396 4615 486 4674 uideo.
524 4616 558 4672 V.
586 4617 620 4674 D.
650 4605 902 4676 511155111515515
929 4619 964 4676 V.
983 4618 1018 4674 D.
1045 4623 1110 4688 post
1132 4623 1246 4690 suffuror
1264 4617 1370 4674 addunt
1391 4621 1526 4692 nrppltrto,
1549 4619 1603 4674 nisi

304 4705 380 4773 quod
397 4704 431 4763 D.
451 4703 577 4760 55515555
595 4705 630 4763 V.
649 4707 791 4775 soppiicio.
828 4709 859 4766 P.
883 4723 945 4762 curn
969 4707 1038 4765 Non.
1065 4725 1092 4778 p.
1118 4710 1152 4764 12
1171 4708 1303 4776 arbitror,
1323 4707 1441 4776 suppilo.
1477 4709 1604 4777 Denique

305 4793 340 4850 V.
359 4793 394 4851 D.
413 4808 494 4850 orum.
512 4794 625 4862 5555515.
674 4794 736 4850 564.
755 4795 845 4854 V.om.
871 4812 944 4853 esse.
980 4796 1087 4852 Deinde
1110 4798 1146 4856 V.
1169 4796 1204 4854 D.
1228 4797 1303 4866 quod
1321 4796 1371 4851 des
1390 4795 1528 4854 decoratis
1547 4813 1604 4852 um-

249 4873 254 4883 '
324 4897 387 4937 uam
406 4881 538 4952 abundat,
558 4881 612 4936 nisi
631 4882 706 4952 quod
723 4883 758 4939 D.
777 4884 928 4943 habundat·
947 4886 979 4942 P.
1004 4887 1079 4955 quod
1097 4887 1154 4956 5155,
1174 4886 1297 4958 51555555,
1315 4901 1456 4955 nunquam
1472 4886 1603 4945 abundat.
