3588 5464
110 1086 168 1142 685

86 271 91 278 ’
183 303 245 378 (ιιι,
262 307 288 376 ι,
307 301 424 374 ιιι-ιν.
441 305 469 375 ι,
486 306 515 376 ι)
658 299 934 362 unucuuuunus.

682 528 952 608 'Scatinauia
1022 561 1024 564 ·

294 633 393 699 Immo
415 631 459 700 nil
478 629 560 699 dice.

731 756 942 822 Asusamun.
1014 827 1017 834 ι

609 861 624 925 I
646 860 740 945 intro,
762 861 887 945 amabo,
911 858 990 927 cedo
1012 861 1150 928 mandm.
1274 924 1277 931 .

716 985 953 1070 Sunnuunnnx.

297 1091 394 1158 Tene.
417 1091 450 1156 in
472 1089 637 1157 tabdmam
660 1091 758 1158 ducor
781 1091 1006 1174 devorandam,

295 1197 357 1265 Ubi
379 1197 471 1265 melle
493 1196 636 1280 accipiar
656 1218 728 1266 mea
750 1198 827 1266 mihi
849 1197 995 1282 pecunia.
1121 1283 1125 1290 ἢ

725 1431 950 1498 Dmmncnns.

186 1534 295 1619 Neque
317 1537 446 1620 gnatist
467 1554 570 1618 neque
592 1537 804 1622 progignetur,
821 1556 923 1621 neque
945 1535 1052 1620 potest
1072 1537 1250 1622 reperirier,

187 1643 245 1709 Oui
267 1663 327 1726 ego
349 1643 432 1732 ninc
455 1647 511 1708 aut
533 1640 651 1708 dictum
674 1648 729 1709 aut
751 1642 871 1708 laetum
893 1642 1006 1708 melius
1028 1641 1124 1724 quam
1151 1643 1267 1713 Veneri
1288 1645 1394 1714 velim.

116 1789 118 1794 ·
185 1749 228 1814 Di
249 1750 372 1832 magnii
396 1754 431 1814 nt
452 1767 513 1831 ege
536 1767 606 1814 sum
629 1746 732 1814 laetus
755 1752 787 1813 et
808 1748 932 1814 laetitia
954 1747 1097 1815 differdrl

97 1836 171 1922 ¹csse

114 2399 171 2454 695

111 3339 172 3396 700

187 1855 237 1920 Ita
259 1854 302 1920 ad
324 1874 374 1921 me
396 1853 516 1936 magna
537 1852 700 1920 nunciavit
721 1852 858 1920 famulus
881 1851 976 1919 hddie
998 1852 1146 1936 gaudii:¹

187 1963 259 2028 Mea
281 1961 364 2027 dena
387 1959 537 2028 deamata
558 1959 754 2044 acceptaque
776 1958 887 2027 habita
909 1979 980 2026 esse
1002 1960 1090 2044 apud
1112 1950 1328 2029 Phronesitim.
1444 1953 1485 2025 (5)

188 2067 267 2134 Cum
287 2066 348 2133 hoc
369 2066 434 2132 iam
456 2067 572 2150 vdlupe
594 2070 652 2148 est,
674 2070 741 2132 tum
763 2065 842 2134 istoc
864 2063 960 2132 nimio
976 2085 1114 2150 magnae
1136 2067 1296 2136 melliniae
1323 2065 1485 2136 minitat:

186 2173 294 2240 Militis
316 2172 428 2240 odiosa
449 2171 637 2256 ingrataque
659 2170 770 2238 habita
792 2171 875 2240 titus
897 2169 1033 2256 gaudee.

188 2279 259 2345 Mea
281 2279 348 2362 pila
370 2278 432 2346 est:
457 2278 485 2343 si
508 2275 693 2359 repudiatur
715 2276 813 2359 miles,
838 2277 950 2345 muilier
972 2295 1095 2344 mecum
1117 2280 1185 2346 erit.

188 2383 302 2450 Salvos
325 2385 404 2467 sim,
429 2383 503 2466 quia
524 2402 636 2466 pereo:
660 2383 689 2448 si
710 2403 775 2449 nen
796 2402 935 2468 peream,
958 2383 1054 2467 plane
1075 2381 1256 2451 interierim.

187 2491 277 2557 Nunc
299 2489 496 2574 speculabor,
520 2487 597 2571 quid
617 2488 662 2554 ibi
685 2488 811 2572 agatur:
836 2489 906 2572 quis
929 2491 1097 2571 catinae,
1120 2491 1190 2572 quis
1213 2489 1299 2557 feris
1428 2481 1485 2552 (10)

187 2595 314 2661 Veniat:
337 2594 448 2678 prdcul
470 2594 544 2660 hunc
566 2593 753 2676 observabo,
777 2593 856 2660 meis
879 2594 956 2677 quid
977 2596 1109 2662 fdrtunis
1132 2595 1209 2663 fuat.

187 2699 270 2780 Quia
292 2700 338 2766 nil
359 2699 473 2784 habeo,
496 2721 594 2768 unum
616 2700 741 2767 animus
764 2700 884 2766 minuit
905 2721 973 2768 me:
996 2701 1104 2768 omnia
1125 2701 1221 2785 agam
1244 2699 1396 2783 precarii.

595 2929 807 2998 Asunmnuu.
851 2932 1096 3004 D1n1anenusu

728 3109 879 3177 Asnaum
931 3161 938 3178 .

188 3215 453 3302 Lepideeniciam
458 3171 643 3298 manmena,
656 3215 808 3283 efficium:
821 3127 1483 3308 uidddntusmddcuttutucmitemefficias.

339 3323 431 3406 Ama,
454 3322 489 3391 ld
510 3320 596 3406 quod
617 3321 718 3405 decet,
740 3342 807 3389 rem
828 3328 929 3392 mam:
952 3323 1047 3391 istum
1069 3323 1208 3392 exinani.

156 3647 159 3652 -
260 3620 321 3679 est.
339 3619 419 3680 cocu.
438 3619 528 3676 tamne
545 3633 573 3688 p.
591 3581 700 3676 num.¹
737 3617 798 3677 ese.
816 3616 851 3677 v.
869 3617 904 3676 n.
927 3615 1014 3690 autur.
1068 3617 1129 3678 ese.
1152 3612 1233 3680 eona
1255 3615 1328 3678 male
1351 3633 1379 3691 p.
1396 3613 1484 3677 mene.

189 3707 224 3766 V.
241 3725 303 3766 mea
320 3724 382 3764 mea
394 3708 460 3765 mihi
478 3706 597 3778 pecunia
615 3706 763 3763 diniarcus.
782 3705 813 3764 P.
833 3721 906 3762 nnnc
924 3722 951 3777 p.
969 3705 1042 3764 mihi.

261 3798 296 3856 V.
312 3795 349 3856 D.
368 3792 614 3853 ADULESCENS.
632 3795 664 3854 P.
682 3787 843 3850 Dinarchus
857 3791 1026 3852 adolescens.
1081 3793 1142 3850 687.
1160 3792 1196 3852 V.
1213 3792 1248 3853 D.
1260 3799 1351 3867 petes,
1362 3795 1392 3856 P.
1403 3797 1486 3866 potia.

189 3887 251 3945 688.
270 3901 344 3942 nunc
363 3889 411 3941 aut
428 3885 532 3940 dictum
549 3881 678 3938 Bothiua:
698 3881 778 3941 codd.
796 3897 870 3938 nunc
893 3881 1004 3940 dictum.
1027 3881 1062 3942 V.
1080 3880 1116 3940 D.
1133 3881 1263 3939 benerem
1279 3898 1307 3952 p.
1324 3882 1436 3956 Veneri,
1453 3882 1485 3943 P.

188 3974 256 4029 milui
274 3989 345 4033 esse.
398 3973 459 4032 689.
475 3985 540 4027 aum
559 3971 648 4026 laetus
666 3969 798 4026 Bothtus:
816 3970 896 4026 codd.
913 3970 1004 4028 laetus
1021 3985 1091 4028 snm.
1134 3969 1196 4030 690.
1212 3971 1244 4030 Ρ.
1262 3988 1315 4032 om.
1334 3973 1485 4032 nunciavit.

189 4058 224 4122 V.
243 4063 278 4122 D.
290 4062 430 4134 chyamus.
442 4059 474 4118 P.
486 4058 618 4130 Cyamus.
634 4057 728 4113 Editio
740 4057 826 4117 Panis.
845 4059 916 4115 Geta
927 4056 1141 4125 manuscripti:
1160 4057 1288 4120 famulus.
1324 4062 1386 4122 691.
1404 4061 1439 4122 V.
1451 4063 1486 4118 D.

190 4153 309 4210 deamat.
327 4150 361 4209 V.
380 4149 427 4226 qui
444 4163 472 4216 p.
491 4161 552 4215 que.
606 4147 669 4205 699.
692 4147 727 4204 V.
750 4146 785 4206 D.
809 4147 984 4217 uclnpestnm
1007 4147 1072 4220 hcc,
1094 4146 1126 4204 P.
1149 4148 1234 4218 volup
1253 4154 1296 4206 eat
1313 4155 1372 4206 tum
1389 4150 1442 4208 hcc
1458 4167 1486 4220 p,

190 4242 269 4299 istoc.
288 4238 369 4296 codd.
387 4252 468 4294 cmm.
486 4239 537 4294 est.
592 4236 652 4294 693.
671 4235 706 4290 V.
724 4234 760 4294 D.
777 4233 901 4292 habitato
919 4239 986 4292 tuce
1004 4235 1101 4295 audeo.
1155 4236 1217 4295 694.
1235 4235 1270 4296 V.
1281 4235 1316 4298 D.
1329 4237 1487 4309 milex-pult

192 4331 254 4386 695.
272 4325 421 4383 interierim
438 4323 574 4381 Weisius=
592 4323 624 4381 P.
642 4323 724 4391 plane
742 4323 887 4393 inteream,
905 4322 939 4382 V.
956 4324 1124 4394 pauentium,
1146 4323 1182 4384 D.
1199 4325 1371 4394 panenrlent.
1425 4327 1486 4386 696.

190 4417 222 4475 P.
240 4414 402 4484 speculabor
418 4412 515 4482 procul
535 4411 610 4482 quid
628 4410 708 4469 codd.
727 4412 775 4479 qui
792 4409 874 4471 foras.
928 4411 990 4470 697.
1009 4412 1044 4470 V.
1062 4417 1094 4472 D.
1117 4412 1190 4470 hunc
1211 4428 1239 4482 p.
1261 4411 1326 4470 hinc
1350 4445 1383 4456 -
1407 4414 1492 4470 miles-

188 4521 218 4574 ρ.
237 4504 313 4562 meis.
331 4504 362 4561 P.
375 4517 427 4560 om.
446 4499 554 4571 procul:
573 4499 652 4555 miles
669 4498 737 4568 quid
753 4497 877 4557 facturum
894 4500 956 4558 siet.
1011 4496 1072 4556 698.
1089 4500 1121 4560 P.
1145 4515 1224 4560 unus.
1241 4501 1362 4559 Deinde:
1380 4503 1493 4558 monuit

192 4609 235 4649 me
252 4591 403 4649 Lambinus
419 4607 455 4648 ex
472 4589 551 4648 cedd.
570 4588 637 4646 suis.
664 4588 699 4647 V.
720 4586 756 4646 D.
777 4590 853 4645 moui
873 4587 939 4646 mihi
961 4587 1062 4655 emnia,
1080 4588 1134 4645 nisi
1156 4589 1231 4661 qued
1252 4591 1288 4651 V.
1311 4589 1432 4662 comma,
1454 4590 1491 4648 P.

191 4682 299 4739 monuit
315 4682 415 4740 emnia.
772 4669 774 4672 ’
803 4658 826 4724 0
912 4715 915 4722 -

263 4770 298 4828 V.
313 4770 348 4827 D.
367 4766 468 4824 cucilla
485 4765 657 4823 adulescens.
676 4764 706 4823 P.
725 4763 896 4834 Ascaphinm
914 4763 1023 4823 ancilla
1040 4762 1196 4823 Dinarchus
1214 4764 1385 4825 adulescens.
1425 4765 1492 4829 699.

193 4871 283 4914 meum
302 4855 466 4912 Gulielmna:
485 4854 564 4914 codd.
582 4865 677 4910 omnes
696 4865 765 4923 mea,
782 4853 817 4910 V.
834 4851 869 4910 D.
887 4865 943 4910 erc.
970 4850 1078 4908 Deinde
1096 4852 1130 4912 V.
1149 4854 1184 4916 D.
1201 4859 1291 4916 tutum
1310 4872 1337 4927 p.
1353 4859 1388 4912 tu
1402 4855 1489 4923 tuom.

193 4946 223 5007 P.
241 4949 301 5004 tute
319 4945 399 5007 idem.
454 4945 514 5006 700.
533 4945 567 5004 V.
585 4941 656 5014 ium,
673 4941 708 5001 D.
726 4946 825 5013 eatam,
843 4940 875 5000 P.
893 4954 924 4995 ee
940 4943 991 4996 tun
1008 4940 1135 5000 eximam.

1273 5039 1291 5094 4
1400 5001 1404 5006 .
