3588 5464
875 263 1015 324 Poscor
1297 309 1300 314 ·
1364 275 1421 350 (ιι,
1439 279 1465 350 3,
1483 278 1600 353 rn-sr)

862 540 1029 609 oncrum.

117 745 120 754 ι
232 657 286 714 805
303 640 417 709 Tacui:
440 647 474 708 at
496 642 578 709 minc
600 663 664 709 non
684 648 787 726 taceo,
811 646 939 728 quondo
960 647 1063 734 adest,
1087 651 1251 721 necessust
1272 654 1416 724 indiod1n.

835 773 1058 842 Dmrrocnus.
1125 795 1128 804 ·

300 870 462 954 Lapideus
485 892 569 938 sum:
594 875 792 942 commovere
815 898 865 944 me
887 877 983 944 miser
1003 899 1066 945 non
1094 881 1206 949 audeo.

301 980 365 1052 Res
388 978 496 1061 polam
519 979 619 1044 dmnis
643 985 705 1046 est:
729 1002 799 1048 meo
822 983 892 1050 heic
915 1005 999 1052 nunc
1021 985 1100 1052 fiunt
1121 988 1217 1073 cupiti
1240 990 1375 1074 comitiis,
1542 987 1598 1058 (45)

300 1084 405 1152 Meum
427 1084 502 1154 illuc
525 1083 660 1168 focinus,
682 1108 754 1154 mec
777 1089 910 1155 stultitia
933 1097 994 1156 est:
1020 1091 1115 1159 timeo
1139 1094 1234 1176 qudm
1256 1116 1330 1163 mox
1352 1101 1505 1166 nominer.

847 1213 1049 1282 Onnn1cnns.

299 1315 455 1398 Loquere,
489 1314 593 1384 filiam
614 1316 718 1384 metm
741 1319 812 1400 quis
833 1319 989 1403 integrdm
1012 1326 1225 1406 stupraverit?

860 1444 912 1510 Art
934 1464 992 1510 rnn
1018 1497 1026 1513 .

230 1567 284 1625 810
303 1543 376 1610 Vidi
399 1563 458 1628 ego
481 1546 523 1629 te,
546 1552 674 1631 propter
696 1547 870 1616 maleidcta
892 1462 946 1632 qli
969 1465 1016 1618 csA
1026 1554 1179 1635 patronus
1202 1555 1324 1638 parieti.

834 1690 1058 1760 Dmrsncnus.

299 1785 410 1875 Neque
431 1792 522 1858 vivos
544 1813 647 1876 neque
668 1795 807 1863 mortuos
830 1815 909 1878 sum,
933 1801 992 1865 'nec
1016 1799 1092 1882 quid
1114 1801 1197 1867 ndnc
1220 1801 1348 1886 inciam,
1372 1803 1447 1871 scio.
1544 1811 1546 1818 “

299 1898 410 1981 Neque
433 1903 467 1967 ut
488 1897 561 1965 hinc
583 1899 705 1986 cheam,
722 1921 825 1985 neque
838 1906 874 2000 ut
889 1901 974 1970 hunc
989 1904 1115 1996 ddeern,
1131 1908 1211 1974 scio:
1228 1909 1339 1977 timore
1360 1912 1479 1994 torpeo.
1543 1905 1599 1976 (50)

846 2023 1049 2096 Oromenus.

298 2130 391 2199 Dicin
412 2129 455 2196 dn
477 2130 562 2196 non?

866 2256 1034 2332 Amemus.

607 2359 808 2443 Dinirirchus,
832 2363 882 2429 cui
903 2364 992 2432 illam
1014 2368 1102 2450 prius
1129 2367 1357 2452 desponderis.

819 2502 1023 2574 dsnuronns.

298 2607 360 2675 Ubi
383 2606 411 2674 is
433 2605 528 2676 homo
550 2606 609 2691 est,
631 2627 727 2692 quem
749 2608 850 2678 dicis?

801 2743 802 2748 ’
832 2751 1057 2819 Dmsncrrus.

896 2857 1028 2941 Assum,
1053 2859 1212 2926 Callicles.
1258 2862 1320 2928 Per
1342 2866 1399 2928 tua
1420 2864 1552 2932 obsecro

228 2949 282 3004 815
300 2960 422 3042 Genua,
445 2965 480 3034 ut
500 2964 534 3027 tu
556 2963 638 3027 istuc
659 2961 842 3045 insipidnter
864 2962 984 3030 factum
1006 2964 1166 3049 stipienter
1188 2964 1274 3033 feris

299 3064 437 3152 Mihique
459 3065 618 3150 ignescas,
643 3068 728 3152 quod
750 3069 847 3135 animi
869 3071 972 3152 impos
995 3070 1060 3137 vini
1081 3070 1159 3138 vitio
1181 3070 1318 3139 feoerlm.

299 3313 370 3380 Non
392 3313 568 3397 placetzin
590 3319 711 3382 mutum
735 3209 1130 3400 corparffllllglgsquoo
1153 3317 1261 3400 nequit
1282 3319 1378 3402 loqui.
1543 3309 1599 3381 (55)

300 3416 382 3485 Nem
404 3419 522 3502 vinum,
546 3420 573 3487 si
597 3419 734 3488 labulr'tri
755 3429 874 3506 posset,
897 3423 933 3490 se
956 3421 1148 3489 defenderet.

248 3607 250 3612 ι
301 3523 371 3592 Non
393 3525 500 3595 vinum
522 3525 700 3595 hominibus
723 3527 890 3613 moderdri,
914 3529 971 3598 sed
993 3525 1136 3596 homin'es
1158 3525 1238 3596 vino
1256 3524 1369 3610 solent,

370 3836 430 3894 805.
459 3837 493 3895 V.
512 3837 547 3895 D.
565 3853 639 3893 nnnc
657 3839 765 3910 tacebo,
783 3840 814 3896 P.
833 3856 890 3895 non
907 3839 1014 3896 tacebo.
1043 3838 1078 3894 V.
1096 3839 1131 3895 D.
1144 3837 1225 3894 adest
1241 3853 1356 3893 neeesse
1380 3838 1480 3909 indice,
1507 3839 1537 3894 P.
1556 3844 1599 3895 est

194 3971 196 3975 .
299 3941 411 3982 necesse
437 3925 564 3982 indicem.
609 3926 711 3996 Scripsi
743 3932 894 3983 necessust.
923 3925 958 3984 cf.
985 3927 1096 3984 Lochm.
1125 3926 1161 3982 nd
1183 3927 1263 3984 Lucr.
1287 3927 1350 3982 397.
1405 3927 1466 3984 807.
1483 3928 1518 3984 V.
1537 3942 1598 3997 nco,

298 4017 333 4074 D.
350 4016 382 4072 P.
406 4016 477 4071 ineo.
494 4015 573 4074 codd.
591 4015 649 4072 illio
666 4033 693 4086 p.
713 4017 781 4076 heic.
800 4016 834 4073 V.
844 4017 874 4072 P.
895 4020 960 4070 sunt
976 4032 1003 4084 p.
1022 4014 1100 4073 fiunt.
1119 4016 1153 4072 V.
1173 4014 1282 4082 comtio,
1295 4015 1329 4070 D.
1343 4013 1445 4086 coptic,
1456 4016 1488 4072 P.
1501 4015 1597 4073 costis.

299 4106 359 4162 808.
390 4104 424 4162 V.
443 4104 477 4162 D.
495 4103 567 4158 illac.
598 4105 632 4161 V.
652 4105 774 4177 stultam,
804 4105 839 4160 D.
863 4104 951 4162 stulta
969 4109 1020 4162 est.
1050 4105 1085 4162 V.
1102 4103 1133 4161 P.
1152 4120 1207 4160 non
1220 4102 1317 4173 minet,
1347 4104 1380 4157 D.
1399 4120 1456 4160 non
1474 4104 1598 4162 minetur.

299 4195 360 4250 stc.
379 4193 459 4260 cocu
472 4191 568 4248 urceo.
586 4193 619 4250 v.
638 4193 672 4250 o.
692 4193 765 4248 mara
782 4191 857 4248 sacta
877 4224 908 4232 -
928 4197 978 4250 esc.
1013 4192 1075 4250 su.
1087 4179 1121 4248 t.
1140 4193 1174 4248 o.
1193 4192 1320 4262 nequid..
1342 4193 1403 4250 cro.
1422 4191 1456 4250 v.
1474 4191 1598 4252 musam.

299 4281 333 4340 V.
353 4285 385 4336 ut
403 4295 494 4349 noque
512 4285 544 4334 ut
562 4280 642 4336 huno.
670 4280 704 4339 D.
724 4285 756 4334 ut
774 4293 863 4348 neque
883 4279 1017 4336 adhunc.
1044 4281 1075 4338 P.
1095 4297 1184 4350 neque
1202 4286 1233 4336 ut
1253 4280 1370 4338 adhunc.
1397 4281 1429 4336 ln
1447 4279 1481 4336 V.
1500 4296 1526 4334 v.
1546 4281 1599 4338 810

177 4364 181 4370 ’
299 4375 329 4426 et
346 4369 397 4426 811
418 4369 578 4424 commutati
597 4373 669 4426 sunt.
724 4370 786 4426 813.
804 4367 838 4426 V.
858 4367 1010 4438 diniurcus,
1028 4369 1058 4424 P.
1077 4368 1239 4425 Dinarchus.
1267 4368 1302 4425 V.
1320 4369 1354 4424 D.
1373 4367 1442 4424 diois
1460 4366 1599 4436 ponderas

299 4476 327 4530 p.
345 4456 540 4525 desponderat,
566 4458 597 4513 P.
616 4457 672 4514 dixi
691 4457 852 4528 spondemus.
908 4459 968 4514 814.
998 4458 1031 4513 V.
1054 4455 1096 4512 his
1121 4474 1147 4527 p.
1165 4458 1191 4512 is
1210 4490 1242 4500 -
1264 4462 1311 4512 tuo
1331 4474 1358 4525 p.
1376 4461 1432 4514 tuo.
1487 4456 1548 4512 815.
1566 4457 1598 4517 P.

300 4562 353 4604 om.
373 4551 411 4604 tn.
430 4544 464 4600 V.
481 4545 641 4614 insipienter
660 4546 798 4616 sipicntcr.
836 4545 896 4601 817.
915 4545 950 4601 V.
964 4546 1081 4616 culpem,
1099 4546 1134 4604 D.
1144 4545 1291 4616 quippiam.
1311 4545 1344 4600 V.
1355 4543 1501 4604 Dounion
1519 4545 1550 4602 P.
1569 4544 1598 4600 in

300 4639 406 4690 mutum
424 4634 471 4702 qui
490 4633 598 4702 culpam
618 4632 731 4689 confert.
760 4633 795 4688 V.
825 4633 891 4702 quid
909 4634 985 4703 loqui
1002 4651 1031 4704 p.
1048 4635 1122 4706 quod
1145 4634 1242 4702 nequit
1259 4633 1342 4705 loqui,
1368 4633 1403 4692 D.
1422 4633 1497 4702 quod
1512 4632 1597 4702 loqui.

299 4724 330 4780 P.
345 4722 392 4792 qui
411 4721 486 4790 loqui
505 4737 560 4776 non
579 4727 680 4789 polest.
735 4723 794 4778 818,
814 4722 846 4777 V.
866 4723 900 4778 D.
920 4721 1078 4793 fabularcm,
1096 4725 1126 4780 P.
1145 4721 1278 4778 fabulare.
1297 4720 1377 4776 codd.
1396 4721 1493 4790 possit.
1511 4719 1545 4774 V.
1562 4721 1597 4776 D.

299 4809 483 4868 defenderem.
541 4811 601 4868 819.
621 4809 700 4866 codd
719 4826 826 4866 omncs:
855 4826 911 4866 non
930 4813 1024 4866 uinum
1042 4811 1177 4868 moderari
1196 4811 1247 4866 sed
1265 4809 1320 4864 uim
1338 4825 1395 4866 nou
1413 4811 1516 4882 solent,
1544 4808 1597 4864 nisi

301 4899 376 4972 quod
393 4899 425 4960 P.
443 4915 496 4958 om.
515 4918 563 4958 non
580 4899 726 4970 posterius.
757 4898 850 4956 Verba
872 4897 1028 4955 deficientia
1050 4899 1171 4954 restituit
1189 4897 1371 4966 (lamercuius,
